2259 3900
282 356 736 454 cmrcffemctuu.
780 418 782 422 .
849 382 924 463 432

127 547 169 640 ἐ,
196 567 251 637 et,
279 553 333 649 qui
358 574 435 621 eum
461 553 737 647 interpretaretur,
768 544 929 625 adstruxit.

127 650 169 725 {ic
184 650 269 723 uero
285 648 318 721 id
334 656 475 722 maxime
483 646 536 723 sue
551 662 651 749 opera
663 649 788 723 efficere
799 648 927 743 studuit,

127 778 130 819 t
157 772 194 826 et
220 755 338 824 Cicero
356 747 537 849 planissime
558 752 668 823 nostra
687 754 794 849 lingua
811 750 926 851 loque-

127 876 203 941 tur,
224 872 259 925 et
277 872 447 950 praecepta
464 856 530 937 eius
545 847 782 950 philosophica,
799 860 925 927 acriore

127 952 227 1029 dicio
251 953 360 1025 limata
411 958 562 1023 ariterac
585 950 756 1040 declarata,
784 949 925 1026 senfibua

127 1054 277 1153 ibutque
326 978 441 1127 norim
480 1052 778 1129 accommodatiora
817 1049 925 1127 effent.

127 1154 223 1231 erfio
245 1160 389 1254 priorem
408 1153 480 1225 libri
501 1152 613 1225 locutu
631 1174 725 1227 tenet.
781 1158 863 1226 Eam
881 1160 925 1227 ita

127 1258 289 1344 intonuit,
304 1278 337 1327 ut
352 1252 437 1329 ideae
455 1251 623 1327 sententiaa
648 1280 687 1326 ue
704 1280 820 1326 omnes
830 1259 923 1329 Cice·

127 1364 215 1446 tuis,
257 1354 374 1429 ordine
399 1362 581 1427 erratione
606 1279 647 1425 a]
676 1353 923 1453 intelligendum

127 1458 282 1547 ttiffitna,
301 1456 440 1530 fideliter
460 1462 494 1527 in
511 1456 716 1529 vernaculum
734 1453 923 1532 sermonem

127 1552 309 1647 euefertet,
335 1558 441 1631 ssilutu
465 1576 497 1628 et
518 1554 660 1629 sormam
675 1563 830 1633 orationis
846 1556 924 1656 ipse,

127 1682 206 1737 tout
230 1684 283 1733 rer
305 1656 467 1757 posceret,
494 1656 666 1731 adhiberet.
720 1664 847 1731 Etenim
866 1665 925 1733 Vir

127 1758 218 1839 arist
235 1765 270 1833 in
284 1759 481 1859 praefatione
498 1759 721 1856 monet‚qu0d
732 1762 925 1858 pierumque

127 1862 333 1964 rterpretibua
345 1867 380 1933 in
395 1860 461 1933 aliis
478 1856 681 1957 scriptoribus
697 1856 853 1933 vertendis
864 1863 923 1954 ob·

127 1965 299 2040 ruendum
325 1960 384 2050 stt,
416 1984 450 2034 vt
473 1959 631 2059 fingulare
654 1987 769 2036 eorum
794 1960 922 2035 dicendi

127 2093 207 2144 enter
223 2084 256 2136 et
271 2064 487 2135 oharatierent
499 2069 699 2161 exprimant,
724 2064 757 2136 id
774 2061 832 2135 fibi
851 2089 922 2138 non

127 2159 319 2244 eoeffurium
331 2171 365 2236 iu
381 2168 553 2251 Cicerone,
581 2159 764 2260 praesertim
782 2170 817 2238 in
836 2165 922 2239 libro

127 2297 148 2344 e
165 2263 303 2353 officiii,
325 2259 424 2353 fuitse,
441 2271 528 2337 cuiue
548 2270 665 2353 oratio,
687 2285 719 2336 vt
732 2272 851 2363 optimi
865 2293 922 2337 cu-

127 2395 221 2470 teque
243 2362 422 2463 scriptoria,
447 2366 526 2438 nihii
551 2391 569 2435 a
587 2365 719 2437 naturali
736 2371 923 2440 communi·

129 2497 173 2546 tre
192 2473 379 2557 hominum,
400 2469 488 2538 retia
507 2471 632 2538 ratione
648 2473 816 2552 vtcntium,
843 2493 923 2538 cou-

127 2557 275 2654 tetudine
288 2568 417 2642 dicendi
438 2563 635 2654 semodium,
668 2568 748 2640 nihii
768 2564 922 2642 adscitum

127 2659 141 2748 t
159 2668 345 2748 affedatum
359 2672 481 2742 habeat.
531 2669 737 2777 Quapropter
750 2674 784 2740 in
799 2689 925 2742 verten-

127 2775 158 2850 io
173 2771 264 2846 haud
278 2795 353 2843 raro
368 2797 405 2842 ea
418 2771 559 2842 libertate
579 2769 648 2840 vius
666 2771 719 2854 eil,
745 2791 777 2842 vt
791 2775 925 2844 Cicero·

127 2881 160 2962 tit
175 2878 328 2948 notiones
344 2893 376 2944 et
389 2871 566 2956 sententias,
591 2870 642 2940 vbi
657 2876 762 2942 minut
777 2891 923 2956 accurato

127 2973 293 3076 repetito
314 2973 599 3058 animaduerteret,
624 2968 663 3044 ed
684 2972 827 3044 melioris
842 2973 923 3044 iudi·

127 3082 329 3154 ii'rtrionem
351 3071 582 3160 conformarat,
604 3093 729 3144 mutato
747 3071 925 3148 verborum

127 3193 195 3256 trau
209 3199 242 3250 et
256 3177 390 3263 ordine,
423 3180 457 3246 in
474 3171 620 3246 tersione
635 3194 790 3271 poneret3
823 3167 926 3271 quod,

127 3265 928 3460 tsplepiuuinediibtbagabiassiiumipiie

164 3415 167 3420 ·
205 3383 247 3464 oi.
260 3381 293 3456 l.
599 3398 622 3448 ο
901 3397 926 3446 n
