2259 3900
352 370 536 488 Eberlmdi
559 373 732 474 Amyntor.
787 404 791 413 ¹
899 397 951 473 ²7
1026 414 1029 423 ·

169 553 302 629 Oratione
314 559 409 631 etiam
425 556 495 631 usus
511 558 555 632 cll
571 561 687 634 nudor
707 588 755 654 ea,
779 587 862 663 quae
879 586 952 662 pet·
969 604 971 611 ·

170 645 313 748 spicuitatc,
330 666 436 757 copia,
459 661 618 734 eleclione
639 683 671 735 et
691 686 808 736 ornatu
838 664 977 738 verbor

171 777 229 824 tum
245 757 367 852 placeat,
384 760 471 833 etad
487 760 716 836 consideranda
725 758 954 863 philosophiae

171 853 263 949 placita
275 861 370 956 paulo
393 858 577 935 obscuriora
603 884 700 961 atquc
721 862 886 938 recondita
908 865 956 937 lc·

171 953 256 1030 tiores
268 965 390 1033 innitet.
442 963 603 1036 Fallentur
636 962 786 1062 quidem,
817 971 871 1064 qui
897 969 956 1039 hie
1023 1016 1025 1020 v

170 1078 277 1132 euentus
294 1060 415 1134 multos
432 1060 582 1163 casusque
596 1064 957 1164 mirabileaphantafiae

171 1181 294 1254 portenta
308 1184 339 1235 ct
350 1160 502 1252 ludibria,
518 1161 647 1237 insanos
661 1163 801 1255 amores,
817 1165 956 1264 aliasque

171 1283 252 1357 nugas
263 1289 410 1361 quaerere
419 1267 538 1353 volent,
548 1293 719 1366 quasnunc
729 1274 957 1366 appetitptaut

169 1352 245 1433 seculi
260 1363 467 1441 consuetudo.
517 1365 581 1440 sed
603 1369 670 1440 hoc
692 1367 813 1445 dabunt
837 1391 956 1439 ouinos

170 1461 263 1536 harum
289 1491 398 1538 terum
424 1473 548 1565 periti,
572 1492 885 1542 anannnnnvn
911 1472 956 1539 ita

169 1555 320 1662 lctipfillc,
327 1588 369 1654 vt,
384 1593 461 1658 cum
477 1569 596 1668 aliquid
613 1569 689 1644 dare
705 1568 797 1644 vellet
813 1573 899 1640 mori
909 1563 957 1640 sa·

167 1671 287 1764 porique
303 1667 445 1767 publico,
461 1675 515 1768 qui
537 1697 623 1742 nunc
635 1673 767 1765 stabulm
791 1667 958 1759 defidant,

167 1784 191 1836 tt
201 1773 285 1840 vitice
303 1768 415 1868 diligit,
434 1789 541 1866 tamen
559 1776 707 1844 minimo
719 1772 898 1872 negligeret
909 1767 958 1848 di-

163 1872 302 1965 gnitatem
318 1865 517 1970 philosophi,
529 1869 585 1944 sed
599 1899 719 1962 rerum,
737 1899 814 1973 quas
828 1867 959 1972 perscri·

161 1963 255 2066 pserit,
272 1978 502 2063 narrationem,
517 1973 688 2048 iucundam
709 1974 795 2047 illam
815 1994 846 2047 et
864 1997 959 2048 com·

159 2070 250 2144 mode
265 2081 487 2171 excogitatam,
503 2080 679 2174 praeceptis
692 2069 958 2175 inllitutisquesa-

158 2168 329 2245 luberrimis
344 2175 489 2273 repleret.
536 2180 569 2249 N
573 2204 617 2248 os,
632 2175 763 2273 quidem
789 2195 959 2275 tantopcrc

159 2281 235 2373 cepit
250 2279 346 2348 huius
364 2277 434 2348 libri
449 2277 555 2363 leuto,
574 2300 691 2349 utnon
709 2275 814 2349 modo
829 2280 888 2364 his,
904 2278 962 2376 qui

159 2372 318 2449 liberalem
337 2378 509 2476 vtilemque
525 2377 774 2451 delectationem
796 2395 963 2478 quaerunt,

149 2501 229 2549 cum
247 2504 449 2575 magnopere
474 2478 761 2551 commendemus:
785 2503 899 2552 vetum
921 2494 969 2549 et·

158 2582 217 2650 iam
233 2580 273 2652 ab
292 2586 328 2650 iis
347 2577 611 2677 cognoscendum
626 2574 688 2652 effe
703 2576 897 2667 censeamus,
907 2581 966 2678 qui

159 2676 196 2750 de
216 2699 325 2753 natura
343 2686 458 2752 mentis
474 2684 645 2769 humanae,
661 2708 698 2753 ac
719 2678 761 2752 de
778 2679 968 2781 praestantia

160 2782 348 2880 utilitateque
373 2782 570 2854 Chrillianae
604 2782 770 2879 religionis
803 2797 969 2880 quaerant.

159 2886 239 2955 Cum
262 2889 358 2981 igitur
373 2888 407 2953 in
424 2885 575 2955 omnibus
599 2881 665 2954 sete
691 2885 898 2956 vehementer
921 2876 968 2952 af·
994 2926 997 2929 >

159 2980 329 3056 lentiamut
354 2993 654 3071 annnnnuuo,
678 2975 852 3056 satisfecisse
879 2978 970 3062 vidc-

161 3083 264 3157 ltimur
281 3082 444 3172 officl0,fi
464 3090 501 3155 dc
516 3099 701 3181 argumento
720 3088 793 3157 libri
807 3079 967 3157 nonnulla
991 3127 995 3136 ,

161 3184 311 3264 dicamus,
330 3204 362 3255 et
381 3190 487 3284 paucis
510 3187 678 3294 tangamus
705 3187 824 3264 locum,
842 3190 876 3253 in
900 3203 970 3277 quo

161 3287 252 3379 nobis
270 3288 406 3386 quidem
423 3282 543 3385 aliquid
557 3285 683 3358 ltunetc
699 3279 824 3357 uidetur
849 3282 991 3372 auclot,

160 3384 282 3484 quoda
294 3389 555 3460 mariannam·
570 3389 677 3464 animi
695 3387 873 3470 abuonct.

885 3496 1015 3587 tatu,
