2259 3900
298 404 443 486 Ploto'nis
458 385 649 515 Sympofimd
657 388 828 524 adiisti:
913 419 964 513 ξ,

115 616 118 625 ·
138 565 142 614 7
185 596 286 695 quisque
299 571 439 696 discendi
453 534 588 702 cupidus
603 605 726 694 lrabeat,
747 599 838 706 quod
858 612 960 678 ex'eo'

182 693 262 768 tollere
276 701 384 798 poffit5
408 722 518 805 tamen
534 730 637 776 netno
662 731 701 778 ex
723 726 774 778 tot
805 702 878 776 vitii
901 700 970 776 do·¹

179 797 218 868 llis
233 800 341 890 exstitit,
357 809 412 902 qui
427 809 470 874 ita
494 800 585 878 luam
609 807 807 906 diligentiam
830 805 958 878 Platoni

176 898 352 992 tribueretur
367 910 433 976 eius
451 922 483 975 et
495 905 698 981 emendatam
718 907 906 994 ledionetn
923 924 960 979 et

172 994 270 1074 laciletn
293 1016 530 1106 promtumque
549 1005 747 1080 intellrdlum
772 1033 866 1081 uerae
888 1024 960 1078 cru-²

173 1093 276 1175 ditionis
289 1107 471 1181 atnantibus
485 1114 630 1207 aperiret.
655 1111 740 1181 Nam
754 1113 959 1208 quotusquis-

171 1209 279 1295 queell,
303 1213 358 1306 qui
384 1235 501 1281 otunes
524 1214 589 1282 eius
613 1235 708 1282 voces
732 1230 784 1281 aut
810 1214 957 1308 primurn

170 1305 297 1396 inuentus,
313 1327 366 1380 aut
388 1305 557 1400 obsoletas,
582 1330 636 1382 aut
661 1311 699 1383 ab
724 1306 796 1408 iplo
819 1333 960 1381 renoua-

163 1419 210 1491 tu,
225 1412 274 1505 qui
289 1406 496 1484 conllrirendi
519 1418 678 1485 rationem
701 1409 955 1515 ipfipropriant,

168 1523 246 1607 tttrtn
260 1510 439 1598 mirificam,
458 1538 520 1612 qua
537 1509 606 1586 usus
620 1511 666 1586 ell
689 1519 723 1584 in
748 1513 954 1584 εοιιὶιιιιέίἰο-Ι

167 1606 254 1692 nibus,
284 1630 315 1682 et
343 1619 604 1687 concinnitatem
617 1618 771 1686 omnium
794 1607 955 1685 sermoni·

115 1740 125 1759 ·-
166 1716 279 1801 partium
301 1714 457 1812 explicare
473 1738 504 1787 et
522 1714 744 1789 detnonllrare
767 1717 956 1799 tentaueritt

166 1815 207 1904 qui
218 1810 254 1881 de
262 1821 325 1886 eius
341 1816 544 1914 imaginibus,
558 1814 826 1903 fitnilitudinibus',
841 1811 955 1885 descri-

166 1913 314 2007 ptionibus,
330 1915 528 2009 fidlionibus,
560 1915 804 2006 narrationibus,
830 1913 956 1989 lenten-

164 2015 266 2088 tiitcet.
281 2018 439 2109 llatuerit3
464 2024 519 2120 qui
536 2016 678 2120 denique
698 2016 787 2090 aulus
813 2016 851 2090 lit
874 2015 954 2089 defi-

165 2117 226 2203 nire,
240 2118 288 2190 ubi
313 2120 560 2196 interlocutores
584 2119 729 2220 personis
755 2114 815 2191 suis
833 2126 953 2191 conue-

164 2218 265 2291 nienter
284 2247 342 2294 nec
358 2250 410 2311 ne,
426 2217 478 2295 ubi
492 2222 615 2311 iooole‚
632 2224 684 2293 vbi
708 2218 797 2292 letiov
814 2223 953 2319 loquan-

166 2322 222 2389 tur?
243 2322 331 2420 Quae
351 2329 463 2400 omnia
478 2338 511 2396 'vt
535 2321 607 2397 lunt
631 2316 818 2413 necessaria,
840 2327 883 2392 ita
904 2342 953 2389 ar.

166 2410 213 2487 dua
225 2440 252 2491 et
267 2430 318 2494 virt
334 2425 374 2496 ab
392 2451 459 2497 vno
475 2429 615 2498 homine
632 2419 797 2523 speranda.
844 2426 954 2518 ltaque

165 2516 233 2590 haud
248 2522 419 2596 iniucunda
437 2529 532 2599 nobis
549 2525 661 2598 ac'cidit
674 2518 954 2623 Sympofiil'lato·

164 2624 201 2689 uis
222 2620 315 2698 editio
340 2628 526 2715 Wotfiam,
559 2630 677 2723 inqua
701 2621 890 2699 adornanda
910 2629 954 2693 ite

164 2717 277 2797 uersatus
293 2726 336 2799 ell
354 2725 469 2819 editor,
482 2750 514 2800 vt
532 2726 725 2799 vtilill'tmatn
743 2750 880 2824 operam
896 2749 955 2795 na·

164 2841 236 2895 uaret
248 2854 316 2899 non
335 2827 442 2902 tnodo
457 2826 718 2916 adolescentibus,
732 2852 878 2997 ffuorutn
893 2821 954 2896 vst·
1016 2883 1018 2886 .

162 2916 205 2993 bus
219 2931 249 2999 in
266 2935 378 3025 primis
395 2956 431 3001 ea
450 2928 715 3030 comparandi,
757 2923 797 2999 ed
817 2927 884 2999 aliis
906 2939 952 2997 et'·

162 3021 211 3094 itm
235 3037 387 3131 antiquae
408 3032 574 3105 dodlrinae
592 3026 750 3101 lludiolia
766 3031 775 3041 ”
806 3030 954 3101 Textut'tt

162 3137 264 3223 repetiit
280 3134 470 3231 Stephano·
480 3130 717 3230 Fischerianum
732 3129 810 3201 hinc
824 3126 956 3199 indet'd»
1005 3162 1012 3178 r

161 3247 230 3320 men,
247 3234 299 3305 vbi
319 3229 528 3306 nccell'arium
551 3232 735 3321 videbatur,
760 3229 811 3301 uel
835 3254 875 3302 ex
895 3236 957 3299 rt.

158 3343 239 3407 etur
266 3354 299 3410 et
329 3354 539 3410 coruunt
563 3329 962 3428 rannemundus

884 3436 980 3521 'altu-
