2259 3900
153 388 230 455 202
376 368 432 446 ιι.
455 320 621 444 notrum
635 371 736 449 muts.

153 578 217 633 tur.
264 557 434 630 Bonorum
461 553 599 629 suorum
622 582 696 630 non
713 561 942 656 unicuiqueno·

87 713 92 722 ·
151 661 255 736 lirum
264 656 734 755 competeresrutlummerum
743 666 932 754 etiam,quunt
972 710 976 717 .

152 759 439 846 inbeneuolentia,
458 758 586 857 qualem
611 760 651 830 ab
676 757 745 831 aliis
771 762 938 856 accipimur·
973 794 978 803 -

150 856 342 947 identidem,
357 857 557 931 retribuenda
576 855 710 933 subinde
734 859 942 958 vitroque-ea:
974 910 981 919 .

151 960 315 1047 hibenda,
342 980 465 1057 partem
501 962 663 1033 humanae
687 959 839 1034 felicitatis
859 960 933 1029 mari·
977 1010 979 1015 .

150 1090 245 1141 mam
263 1055 325 1134 else
340 1057 430 1132 stram
443 1061 582 1134 conllet:
604 1063 783 1151 bonorum,
792 1061 895 1161 quibus
905 1054 943 1126 i·

152 1190 198 1240 ne
212 1167 353 1262 pernicie
377 1159 483 1234 nostra
506 1187 679 1250 careamus,
703 1169 738 1234 in
764 1162 843 1235 alios
858 1181 934 1232 ttant·
973 1252 976 1257 Ι

149 1261 388 1342 mittendorum
403 1260 568 1336 arbitrium
589 1263 628 1334 ad
644 1263 790 1336 nollram
809 1268 944 1357 cuiusque·
981 1310 982 1315 κ

150 1363 343 1466 potestatem
362 1369 530 1461 pertinere.
580 1363 812 1464 Aliir·quide1n
829 1370 861 1435 in
876 1365 945 1432 hac·

150 1467 240 1542 bona
255 1463 363 1536 nollra
384 1461 614 1562 superuacanea
632 1470 679 1537 ius
695 1458 935 1564 quodammodo,

150 1586 184 1641 et
210 1563 399 1665 imperleeie
423 1584 558 1654 tantum,
573 1588 770 1664 competere.
819 1561 944 1638 Simulac-

149 1693 242 1755 vero,
268 1684 423 1765 quantum
446 1666 588 1754 illorum,
613 1672 675 1756 cui,
704 1694 772 1768 quo
796 1684 935 1763 tempore,

148 1771 265 1870 quibus
290 1764 541 1855 conditionibus,
567 1767 701 1840 velimus
725 1765 857 1857 tradere,
877 1787 935 1862 pto·

148 1875 227 1972 prio
242 1873 342 1940 animi
364 1865 495 1941 decreto
512 1868 777 1959 constituerimus,
790 1891 822 1942 et
836 1868 945 1941 indiciu-

148 1994 347 2073 quocunque
371 1967 460 2040 facile
493 1969 681 2069 intelligibili
715 1972 851 2044 liberum
874 1960 937 2040 illud

192 2062 938 2172 oposttumalterilignifieauerimus‚isquealler»

146 2096 202 2248 itis
215 2169 307 2244 fuerit
321 2169 527 2270 acceptando,
543 2173 632 2244 alteri
645 2172 689 2244 illi
708 2180 756 2245 ius
777 2176 888 2245 abhinc
899 2190 946 2240 en·

150 2267 231 2347 oriri
251 2268 440 2370 periodum,
459 2291 491 2343 vt
507 2273 556 2344 vel
570 2299 688 2372 cogere
713 2301 775 2347 nos
801 2271 890 2375 poll'tt
909 2261 938 2338 td

148 2374 282 2475 padum
295 2369 498 2446 seruandum.
512 2378 589 2446 luris
604 2394 711 2447 autem
725 2382 764 2446 ira
775 2375 939 2454 adulterum

148 2480 341 2549 transeuntis
353 2480 513 2545 rationem
528 2501 646 2572 parum
663 2497 752 2547 caute
770 2482 945 2575 quaeriptr¹

147 2595 239 2665 teta
263 2598 577 2664 FBRGvsoNtO,
597 2579 752 2675 huiusque
776 2584 938 2675 interprete

150 2701 273 2751 onan
286 2699 343 2762 10,
370 2680 405 2747 in
426 2672 661 2776 exspedlatione
685 2679 774 2750 alteri
792 2683 938 2751 concitati.
981 2723 982 2734 κ

147 2775 328 2872 nollroque
342 2774 467 2863 officio,
491 2804 560 2876 quo
581 2785 775 2851 concitatam
798 2780 884 2851 alteri
901 2796 939 2846 er·

147 2876 382 2979 [pedationem
397 2875 508 2952 fallere
531 2906 603 2951 non
619 2880 729 2967 liceat3
758 2887 878 2954 etenim
899 2874 938 2957 fita

148 2986 203 3069 ait,
221 2982 268 3051 ius
289 2973 392 3049 enasci
410 2975 559 3051 duntaxat
576 2980 822 3079 impersedlum:
847 2997 940 3053 rerum

87 3155 90 3160 ,
146 3078 227 3157 inde
247 3082 349 3179 repeti
370 3097 524 3178 oportere
547 3086 707 3155 tationem
733 3089 847 3183 arguit,
865 3064 946 3180 quod,

145 3185 196 3258 itu
205 3176 281 3254 illud
297 3176 445 3253 nostrum
454 3179 571 3256 nullius
585 3179 688 3255 suiliet
702 3190 875 3271 momenti,
886 3173 947 3252 nul·¹

146 3281 209 3376 lius
232 3284 375 3359 omuino
396 3278 597 3374 efficeretis,
624 3282 769 3363 liirritus
791 3286 948 3417 haberetur·
