2259 3900
278 342 441 443 arulfi.
457 359 562 425 naun.
577 346 751 427 Solium
846 370 928 451 ες)

146 529 300 633 'patrium
309 530 496 610 sermonem
510 535 672 610 transferri
686 544 817 628 curauit,
826 557 926 613 uana

141 653 206 707 lum
226 633 353 726 reuidit,
374 656 406 709 et
420 630 482 710 suia
495 637 634 711 confiliis
650 645 870 738 interpretem,
888 647 925 714 in

141 734 321 816 iudicandis
343 739 481 810 auelotit
502 737 682 826 sententiis,
713 747 815 840 iisque
839 766 927 814 nune

141 838 228 929 edsius
256 836 448 911 deliniendis
463 861 494 912 et
519 837 722 938 explicandis,
744 868 830 917 nunc
855 840 927 913 illu·

141 935 244 1031 landis
272 957 305 1010 et
331 938 592 1030 corroborandis,
618 940 744 1014 adiuuit.
800 941 924 1017 Multas

141 1059 289 1127 :ortvs
316 1035 555 1115 obseruationes
591 1068 692 1117 nouas
725 1061 757 1114 et
777 1047 924 1141 proprias

141 1138 211 1211 tabet
228 1136 267 1210 de
285 1158 414 1212 naturae
431 1141 601 1230 miraculis,
616 1149 781 1236 variorum
798 1148 924 1216 errores

141 1234 280 1311 tlabulas
296 1245 441 1341 corrigit,
453 1249 659 1342 antiquorum
674 1243 863 1343 scriptorum
873 1234 925 1315 lo'.

141 1362 177 1413 rot
194 1364 262 1413 non
277 1363 399 1441 paucos
420 1338 550 1416 feliciter
571 1344 718 1416 illullrar..
759 1344 924 1416 Praecedit

141 1434 285 1540 inscriptio
304 1440 432 1531 insulae,
447 1451 498 1518 cui
511 1443 603 1518 affixa
619 1444 662 1516 eli
672 1443 775 1518 tabula
788 1449 927 1544 geogra-

141 1541 232 1638 phic23
257 1539 396 1643 sequitur
412 1543 542 1619 hilloria
560 1546 707 1619 naturalis
731 1552 814 1646 equi.
838 1543 926 1634 afinl,

141 1640 211 1728 mul,
233 1649 327 1732 canis,
348 1644 451 1734 bouis,
472 1651 557 1735 ouis,
584 1643 708 1746 caprae,
731 1642 803 1731 suis,
828 1649 926 1734 cerui,

141 1735 240 1834 limae,
255 1740 453 1836 musruonis,
481 1747 535 1841 (de
561 1767 627 1846 quo
646 1746 756 1846 paullo
781 1743 874 1840 iustus
889 1766 928 1819 ‚et

141 1852 286 1929 accuratius
302 1842 456 1949 exposuit,
479 1848 604 1921 adiedlo
633 1847 777 1949 quodam
799 1843 927 1931 excursu

141 1936 196 2036 suo,
209 1953 387 2047 interpres,)
402 1956 479 2047 apri,
496 1951 626 2047 leporis,
640 1949 786 2036 cuniculi,
813 1948 926 2046 vulpis,

141 2039 199 2135 selis,
212 2049 360 2123 mullelae
374 2056 494 2139 marris,
515 2043 682 2138 becumen,
705 2053 811 2122 echini
828 2063 929 2122 terre·

141 2135 198 2236 ltu,
212 2146 331 2238 soricis,
349 2156 447 2224 muris
462 2156 621 2252 quercini,
634 2157 713 2238 ratti,
731 2146 928 2249 vespertilio.
1013 2152 1016 2155 ’

141 2252 177 2319 'nit
190 2256 311 2324 murini.
361 2253 488 2352 Figurae
503 2270 645 2325 accurate
659 2253 699 2324 ad
715 2254 927 2348 archetypum

142 2350 319 2425 adumbratas
337 2346 409 2441 esse,
434 2377 505 2425 non
531 2359 647 2425 iniuria
673 2351 838 2425 contendit
862 2350 928 2423 edi.

141 2451 188 2536 [lot.
228 2452 346 2526 Noslra
363 2453 649 2530 commendatione
672 2480 741 2525 non
757 2451 878 2552 indiget
891 2452 930 2524 li·

142 2543 256 2643 lerisle,
274 2560 421 2655 cognitus
436 2558 499 2638 iam
520 2554 738 2655 apraellantia
754 2550 806 2632 sua
831 2573 860 2625 et
879 2558 929 2646 iri·

144 2648 246 2733 ddioso
261 2678 390 2730 ornatus
407 2651 529 2755 plausu,
542 2681 643 2757 quum
666 2661 811 2755 primum
826 2652 927 2726 editu't

144 2744 528 2844 detruncandum
551 2778 658 2829 autem
682 2751 848 2855 permultis
870 2752 928 2827 ad.

143 2847 190 2928 luc
202 2858 245 2929 ob
262 2861 403 2958 pretium
419 2880 450 2931 er
463 2864 623 2942 raritatem
639 2854 726 2930 suam
742 2860 916 2956 expetitus,

236 2964 259 3050 s
381 3013 656 3057 .........·....

166 3123 401 3257 ‘descireibung
424 3162 504 3230 eluar
517 3158 603 3253 Rufi
621 3175 678 3231 etc.
708 3157 741 3228 lr.
764 3180 792 3227 e.
813 3146 931 3228 rard

224 3280 272 3329 ur
283 3280 303 3330 c
316 3281 430 3340 oenc
452 3263 592 3333 noraoo
610 3258 652 3332 dc
661 3262 775 3331 itinere
788 3279 848 3353 per
855 3256 935 3324 Ger.

407 3384 410 3388 ’
786 3357 941 3433 muniam
