2259 3900
204 381 263 442 η
333 305 338 313 ¹
502 360 531 433 1.
553 359 724 434 Amrdota.

263 548 434 621 Mediolani
447 552 482 620 in
500 548 695 621 bibliotheca
719 547 931 620 Ambroliana
946 553 1026 623 Mu-

210 657 310 730 ratori
326 653 436 747 Antiq.
453 649 517 722 ltal.
532 669 615 722 tom.
632 678 657 732 3.
675 645 743 720 dili.
764 679 807 733 4³-
828 651 961 735 colare.
980 658 1025 723 vi.

208 753 258 829 dit
273 750 392 826 nillum
409 776 549 850 operum
568 753 714 822 venerab.
735 751 1024 825 Bedaaanuorum

208 854 332 937 aoovel
359 879 431 938 900,
458 858 631 952 antiquiori
656 849 809 950 scriptura
835 851 908 949 plue
932 854 1022 926 mille

86 980 91 987 ·
209 981 377 1030 annorum
388 952 499 1026 deleta.
551 958 649 1026 Hanc
660 958 808 1026 notitiam
819 951 923 1030 debeo
935 954 1021 1028 libro

210 1059 321 1133 Nouo.
343 1056 403 1128 Tr.
417 1058 453 1125 dr
468 1056 641 1147 Dioloorat.
658 1060 681 1126 1.
693 1075 754 1138 483.

122 1195 130 1221 ι
259 1151 414 1230 Tandem
449 1155 1018 1230 Veneriis-uoueravcouvs

207 1263 311 1354 (Dior.
328 1257 392 1327 ltai.
414 1282 441 1327 c.
458 1260 506 1332 lll.
527 1286 559 1357 p.
573 1263 638 1348 4ο.)
660 1263 694 1328 in
719 1255 912 1328 bibliotheca
936 1263 957 1329 l.
979 1261 1018 1330 C.

206 1364 366 1444 Grimani‚
381 1361 500 1429 Patritii
524 1366 641 1456 reperit
656 1356 818 1430 Mauuelis
840 1379 1017 1430 erotemata

205 1468 242 1537 in
257 1460 330 1533 cod.
352 1462 434 1532 xiv,
450 1454 508 1531 sec
526 1466 581 1558 qui
596 1456 725 1557 scriptus
745 1456 845 1528 fuerat
866 1458 960 1534 erasm
984 1480 1017 1531 et

203 1562 314 1637 deletis
330 1585 412 1659 pene
429 1559 496 1632 aliis
515 1557 637 1635 [mix.
655 1555 782 1632 lortalle
799 1560 943 1632 homiliis
959 1587 1014 1634 cu·

202 1662 330 1742 iusdam
357 1666 463 1753 Patris.

251 1768 338 1840 Huic
346 1759 496 1835 codicum
505 1757 732 1860 rescriptorum
746 1761 904 1860 catalogo,
914 1788 1013 1861 quem

203 1889 321 1966 augere
340 1861 444 1935 multo
461 1860 580 1935 facilius
596 1863 651 1949 eil,
667 1889 763 1962 quam
783 1889 864 1963 quae
888 1860 1012 1961 sepulta

203 1974 309 2043 iacent
327 1970 361 2037 in
379 1964 545 2037 milis-luci
563 1987 595 2034 er
611 1972 691 2036 vitae
705 1963 879 2053 restituere,
903 1963 1011 2038 ohser-

166 2120 172 2134 .
200 2076 348 2141 ustiones
365 2065 539 2138 nonnullae
554 2063 596 2136 de
604 2064 768 2138 eiusmodi
782 2065 946 2139 codicibus
956 2064 1011 2139 ad-

103 2198 107 2208 ·
200 2175 317 2244 iiciam.
341 2168 369 2254 ι)
385 2164 522 2240 Codices
538 2165 677 2261 rescripti
703 2166 745 2238 ad
768 2195 866 2241 vnum
892 2196 1010 2242 omnes

201 2275 238 2343 in
267 2268 454 2361 membrana
483 2275 597 2340 exarati
621 2265 704 2340 sunt.
770 2274 853 2342 Citat
877 2270 1010 2368 quidem
1034 2262 1037 2265 ⁴

199 2396 232 2446 ar
243 2396 301 2443 ou
314 2394 366 2442 rr
377 2393 401 2439 a
413 2393 477 2440 vc.
500 2369 664 2466 Palaeogr.
676 2372 731 2442 Gr.
749 2396 780 2467 p.
790 2400 843 2452 ηπ.
858 2370 1008 2448 codicem

198 2472 437 2566 bombycinum
458 2496 540 2567 opus
565 2473 710 2542 Andreae
734 2473 890 2546 Cretensis
915 2501 1009 2547 cone-

197 2574 403 2675 plellentem.
421 2570 481 2642 vid.
498 2566 589 2669 supra
610 2598 642 2671 p.
657 2580 700 2662 9.)
752 2577 792 2643 At
806 2600 919 2673 quum,
930 2574 1007 2674 quid

197 2672 350 2750 vetustior
361 2668 512 2769 scriptura
526 2673 696 2770 complexa
709 2670 815 2760 suerit,
831 2672 864 2749 le
877 2683 1008 2774 ignora·

162 2792 166 2806 ’
198 2801 236 2851 re
250 2774 400 2861 fateatur3
428 2769 546 2844 deinde
562 2779 615 2845 vix'
629 2794 738 2870 putem
752 2778 897 2849 chartam
909 2779 1007 2853 bom·

196 2878 350 2973 bycinam
366 2872 449 2943 adeo
464 2897 569 2945 raram
584 2900 727 2974 unquam
742 2873 841 2968 fuiilc,
851 2906 889 2951 ac
901 2906 1009 2952 mem·

192 2979 385 3052 branaccam
420 2970 530 3046 seculis
557 2979 622 3049 Xli.
650 2980 728 3050 Xlli.
752 2980 847 3068 xtv;
872 2978 1007 3054 tandem

193 3081 304 3154 charta
317 3076 514 3170 bombycina
531 3076 687 3149 ct.hibola
704 3077 821 3152 rasuras
845 3100 876 3153 et
898 3082 1008 3156 lituras

195 3204 292 3281 aegre
310 3175 469 3250 admittat:
486 3173 601 3249 'fimitis
618 3180 700 3250 mihi
716 3178 771 3250 ille
794 3180 897 3257 codex
921 3183 1008 3257 vide-

194 3300 250 3361 rur
269 3278 459 3374 bombycini
471 3280 591 3374 Syriaci
605 3281 745 3354 Pocock.
754 3309 782 3354 a
796 3282 1010 3360 bibliothecae

197 3410 202 3418 ⁸
523 3432 562 3514 Ι
890 3386 1009 3465 ΒΟὰΙθ·
