2259 3900
338 452 343 460 Ι
359 352 487 461 Reisiit‘
500 357 576 428 vito.
815 374 887 450 323

138 549 250 617 tvitnm
271 542 312 615 ab
334 542 474 615 humana
494 535 644 614 societate
672 558 834 614 remotam
857 561 888 616 ct

139 643 278 717 bratilem
307 669 385 716 cum
403 641 518 715 iibeilo
545 647 579 713 in
602 643 721 741 angulo
748 640 889 742 degerat,

139 749 314 818 thomices
326 741 383 817 fibi
396 740 599 817 deuinciendi
619 769 746 841 gnatus.
779 748 888 817 Ham·

138 853 178 945 gi·
192 868 434 918 nutuanttvs
460 843 577 943 aliique
596 842 740 917 fautores
766 841 888 919 surmus

138 953 183 1021 iter
198 944 386 1019 faciendum
395 944 580 1044 erogabant.
611 946 725 1046 Qum
740 950 886 1045 primurn

138 1071 385 1129 tttvtcnrvtr
420 1041 654 1119 Amsselodami
686 1053 887 1136 conueniret,

140 1175 157 1219 a
177 1171 376 1236 noceto,
402 1146 529 1219 Pastore
544 1146 696 1219 Hambur
718 1144 795 1235 enfi,
815 1147 886 1220 lite·

144 1246 419 1321 commendatitias
446 1247 608 1320 attulerat:
653 1172 809 1321 oflgerebat
830 1248 886 1322 ille

138 1341 262 1423 terro
289 1348 434 1422 annuum
455 1345 650 1448 stipendium
676 1346 885 1443 florenorum

138 1450 156 1524 .’
183 1470 217 1523 ut
236 1446 435 1524 amanueufit
458 1473 594 1522 munere
613 1449 697 1548 apud
720 1446 752 1522 se
770 1448 885 1550 sunge-

138 1553 186 1627 tt.¹
214 1553 333 1625 Abnuit
357 1574 455 1639 vero,
481 1555 554 1649 quia
569 1551 764 1650 Lugdunum
783 1550 882 1642 adire,

138 1678 180 1752 pe
209 1651 317 1729 Mstot
342 1650 519 1725 Orientales
545 1653 748 1749 'petuoiutare
774 1646 884 1726 secum

138 1753 286 1827 ‚stituerac
338 1758 418 1826 Hoc
431 1768 540 1823 tamen
565 1758 635 1826 viro
660 1777 718 1852 per
735 1754 885 1825 oderunt·

138 1913 142 1942 ‚
178 1851 247 1928 uod
265 1860 299 1927 in
315 1853 491 1928 Hollandia
508 1859 667 1953 transegit,
690 1851 884 1926 familiariter

138 1883 236 2046 tduit3
273 1957 434 2056 multaque
456 1961 613 2027 amicitiae
634 1974 664 2028 et
685 1955 882 2031 beneuolen-

151 2051 482 2144 documenta,‘inter
502 2081 601 2155 quae,
635 2055 739 2129 iudice
765 2081 882 2130 nutt-

138 2185 172 2249 u,
196 2156 292 2250 (vide
316 2164 373 2231 viri
388 2158 584 2256 probitatem
614 2176 644 2228 et
668 2157 880 2253 crudorum)

138 2260 155 2333 d
171 2260 373 2359 postremum
401 2259 511 2330 locum
531 2260 730 2332 hortationes
750 2279 782 2332 et
800 2265 882 2331 vitu·

138 2368 265 2450 triones,
290 2360 494 2459 quibuscum
515 2384 627 2431 coram
643 2356 881 2461 saepenumero

138 2457 239 2550 scidit,
265 2480 391 2551 tenent,
419 2461 457 2531 ab
479 2462 605 2532 eodem'
616 2463 729 2533 retulit.
786 2463 881 2545 Tan·

138 2583 277 2636 umnam
292 2568 442 2635 itinerum
456 2560 677 2661 laborumque,
685 2560 882 2662 Lugdunum

138 2684 203 2764 ¹tet,
236 2688 450 2737 terramve
483 2668 666 2760 pertingent
689 2691 803 2763 patrum
825 2663 881 2737 ab·-

153 2770 232 2866 quin
251 2760 316 2863 spe,
329 2791 424 2865 quam
440 2768 552 2834 animo
568 2783 767 2865 conceperat,
784 2788 882 2864 pror·

158 2864 325 2960 excideret.
373 2865 451 2937 Mssi
474 2864 685 2939 bibiiothecae
703 2892 772 2939 nort
787 2863 880 2941 facile

138 2972 180 3040 tia
196 2964 339 3040 domum
358 2965 520 3039 auferendi
535 2970 580 3036 itn
607 2970 808 3055 ertiebantur,
833 2983 879 3039 et·

138 3087 191 3162 ,at
208 3068 330 3138 vidum
349 3065 403 3139 fibi
423 3085 555 3167 pararet,
571 2992 703 3145 idhedas
720 3069 879 3140 librorum

138 3168 204 3243 reio
228 3163 371 3238 madidas
393 3175 572 3265 corrigere,
605 3190 637 3240 et
655 3173 794 3241 Graecae
817 3165 880 3239 litt·

138 3267 370 3366 t'inssitutionet
386 3270 508 3343 tradere
525 3268 708 3369 cogebatur.
738 3272 881 3440 &egge

282 3381 290 3396 ‘
417 3389 423 3397 '
472 3372 547 3453 X'a
606 3377 610 3387 '
817 3369 876 3441 iit
