2259 3900
162 395 212 471 30
298 443 319 475 ἱ.
396 376 452 450 11.
471 374 527 448 Dt
540 377 630 449 libris
645 378 744 453 nouis.

160 569 237 644 Hae
255 565 439 661 opiniones,
451 588 527 663 quas
544 571 687 663 'accurate
699 561 843 639 defendit
851 571 927 663 Am]

159 687 225 754 tor,
243 669 312 762 quis
326 659 432 754 nescit,
451 683 534 764 quot
554 668 732 740 hominum
750 674 879 740 animos
896 673 927 740 in

162 771 283 842 cerint?
309 763 493 865 praesertim
509 792 548 838 ex
562 791 680 839 eorum
696 794 826 869 genere,
843 775 898 867 qui
917 773 927 840 l

163 867 315 943 uidentur
335 867 413 940 vltra
436 864 699 967 vulgussnpere,
720 889 751 941 et
774 874 927 968 arripuerr

163 967 414 1044 auditiunculam
444 967 621 1068 quamdam
645 976 864 1069 opinionum,
894 997 927 1070 qt

163 1069 237 1147 sunt
260 1081 283 1141 a'
300 1066 504 1169 philosophie
522 1070 698 1144 nonnullis
718 1071 927 1171 Francogallit

164 1172 264 1246 veluti
281 1173 320 1243 ab
346 1169 598 1256 unnvnuro,
619 1196 880 1270 vormerio,
900 1199 924 1247 n

150 1297 433 1361 ‘nauantem
456 1270 534 1358 aliia,
559 1268 711 1346 subtiliter
734 1271 890 1347 defensae.

162 1390 345 1451 'unauna
358 1398 438 1446 ovs
462 1377 558 1471 igitur
580 1377 703 1447 amicos
724 1373 904 1447 nonnullos

164 1480 327 1572 myntoris
346 1480 388 1546 ita
407 1469 589 1547 differenter
607 1473 738 1564 inducit,
752 1495 794 1565 vt,
810 1503 927 1577 quam

164 1604 207 1653 na
225 1575 287 1649 sint
297 1575 351 1648 ista
392 1576 489 1664 latita,
504 1581 708 1675 quantumuis
724 1573 875 1677 speciosa,
885 1602 926 1676 pr

163 1679 250 1754 clare
265 1603 441 1751 ossenlint.
489 1678 619 1748 Docent
635 1684 734 1767 enim,
751 1683 790 1750 ab
806 1679 870 1776 ipfia
885 1705 927 1750 nn

165 1806 206 1855 ro
222 1782 325 1877 insitus
341 1781 390 1878 iffi·
404 1781 535 1852 tamam
551 1785 702 1876 gaizerici
723 1785 845 1852 innotos
876 1785 927 1851 uir

164 1887 209 1959 tis
225 1883 384 1981 igniculos,
407 1875 610 1978 inditumque
621 1880 744 1977 saafitm
767 1885 895 1978 aliquem
924 1938 927 1953 .

165 1983 240 2068 nelli
252 1997 281 2054 et
295 1984 427 2077 pulchri,
443 1986 497 2081 qui
521 1980 665 2053 inslitutis
684 2001 715 2053 et
732 1978 896 2081 disciplina
924 2020 927 2042 ·

163 2090 276 2160 eitatut
290 2103 322 2156 et
337 2083 445 2156 alatur.
493 2079 680 2155 Defendunt
689 2084 927 2155 humamanam

163 2190 359 2285 dignitatem,
377 2210 458 2285 quae
472 2188 609 2258 minime
635 2190 678 2256 ita
700 2179 830 2256 ducatur
840 2185 927 2279 fimi

165 2290 302 2388 quadam
316 2300 345 2357 rt
357 2292 451 2379 impio
473 2288 699 2357 commodorum
713 2286 845 2382 suorum
861 2294 927 2375 cupi

141 2403 238 2471 ‘tata
251 2406 284 2460 vt
309 2385 447 2459 aliorum
462 2382 643 2458 felicitatem
669 2381 797 2484 prorsus
825 2386 927 2485 neglig

165 2514 370 2588 omnemque
386 2490 574 2561 cormnunis
590 2486 726 2559 utilitatis
744 2495 927 2585 cogitationi

163 2589 360 2692 aspernetur.
410 2588 601 2685 Praeparant
618 2584 757 2686 denique
780 2592 848 2660 hoe
867 2615 927 2662 mo

163 2696 356 2788 Amyntoris
368 2695 515 2763 animum
529 2690 771 2785 adsentiendum
787 2692 865 2763 Chri
890 2696 927 2761 iai

164 2798 328 2893 religionis
349 2792 546 2874 incredibilem
565 2789 806 2883 perstantium,
832 2817 918 2891 quae

163 2898 304 2972 moribus
319 2894 452 2965 Domini
468 2893 557 2989 ipsus
571 2896 712 2963 maxime
727 2890 833 2980 eluxit,
861 2912 894 2963 vt
908 2919 927 2963 u

163 3000 214 3072 lut
229 2992 462 3095 perfeiliuaque
476 2997 600 3064 virtutis
613 2991 775 3091 exemplar
795 3019 837 3065 ne
861 2997 926 3065 anit

164 3096 303 3201 quidem
328 3114 360 3169 et
381 3098 579 3193 cogitatione
601 3091 681 3190 fingi
709 3089 814 3192 possit.
881 3098 927 3166 H:

127 3285 129 3288 ,
164 3204 279 3274 omnin
296 3198 379 3270 bene
394 3217 424 3269 et
437 3194 598 3295 eleganter
620 3189 818 3295 persequitur
842 3197 927 3267 ausit

162 3296 377 3403 intingendit
388 3315 498 3398 autent
514 3320 648 3390 totum,
672 3294 803 3401 qrubut
817 3295 927 3500 colpoap
