<?xml version="1.0" encoding="UTF-8"?>
<!DOCTYPE html PUBLIC "-//W3C//DTD XHTML 1.0 Transitional//EN"
    "http://www.w3.org/TR/xhtml1/DTD/xhtml1-transitional.dtd">
<html xmlns="http://www.w3.org/1999/xhtml" xml:lang="en" lang="en">
 <head>
  <title>
</title>
<meta http-equiv="Content-Type" content="text/html;charset=utf-8" />
  <meta name='ocr-system' content='tesseract 3.04.00' />
  <meta name='ocr-capabilities' content='ocr_page ocr_carea ocr_par ocr_line ocrx_word'/>
</head>
<body>
  <div class='ocr_page' id='page_1' title='image "annalesliterari00brvngoog_0151.png"; bbox 0 0 2259 3900; ppageno 0'>
   <div class='ocr_carea' id='block_1_1' title="bbox 181 376 793 481">
    <p class='ocr_par' dir='ltr' id='par_1_1' title="bbox 181 376 793 481">
     <span class='ocr_line' id='line_1_1' title="bbox 181 376 793 481; baseline -0.015 -21"><span class='ocrx_word' id='word_1_1' title='bbox 181 404 257 481; x_wconf 81' lang='lat'>¹40</span> <span class='ocrx_word' id='word_1_2' title='bbox 340 380 344 385; x_wconf 81' lang='grc'><strong>’</strong></span> <span class='ocrx_word' id='word_1_3' title='bbox 414 383 469 463; x_wconf 80' lang='lat' dir='ltr'>II.</span> <span class='ocrx_word' id='word_1_4' title='bbox 494 376 793 459; x_wconf 55' lang='lat' dir='ltr'>Daturum,</span> 
     </span>
    </p>
   </div>
   <div class='ocr_carea' id='block_1_2' title="bbox 175 564 1006 972">
    <p class='ocr_par' dir='ltr' id='par_1_2' title="bbox 175 564 1006 972">
     <span class='ocr_line' id='line_1_2' title="bbox 178 564 968 667; baseline -0.006 -23"><span class='ocrx_word' id='word_1_5' title='bbox 178 575 319 645; x_wconf 76' lang='lat' dir='ltr'>aliorum</span> <span class='ocrx_word' id='word_1_6' title='bbox 337 569 525 642; x_wconf 87' lang='lat' dir='ltr'>tellimoniis</span> <span class='ocrx_word' id='word_1_7' title='bbox 539 569 748 667; x_wconf 79' lang='lat' dir='ltr'>religioſsffime</span> <span class='ocrx_word' id='word_1_8' title='bbox 767 564 968 666; x_wconf 63' lang='lat' dir='ltr'>narsetenipfi</span> 
     </span>
     <span class='ocr_line' id='line_1_3' title="bbox 177 670 969 766; baseline -0.006 -20"><span class='ocrx_word' id='word_1_9' title='bbox 177 698 281 746; x_wconf 84' lang='lat' dir='ltr'>vtatur</span> <span class='ocrx_word' id='word_1_10' title='bbox 309 672 483 766; x_wconf 90' lang='lat' dir='ltr'>plurimum</span> <span class='ocrx_word' id='word_1_11' title='bbox 504 673 673 742; x_wconf 79' lang='lat' dir='ltr'>auclorum</span> <span class='ocrx_word' id='word_1_12' title='bbox 698 670 814 758; x_wconf 82' lang='lat' dir='ltr'>verbis,</span> <span class='ocrx_word' id='word_1_13' title='bbox 840 696 969 742; x_wconf 79' lang='lat' dir='ltr'>omnem·</span> 
     </span>
     <span class='ocr_line' id='line_1_4' title="bbox 178 766 970 872; baseline -0.005 -26"><span class='ocrx_word' id='word_1_14' title='bbox 178 802 241 872; x_wconf 82' lang='lat' dir='ltr'>que</span> <span class='ocrx_word' id='word_1_15' title='bbox 256 779 377 871; x_wconf 86' lang='lat' dir='ltr'>ingenii</span> <span class='ocrx_word' id='word_1_16' title='bbox 393 772 597 870; x_wconf 77' lang='lat' dir='ltr'>petulantiam</span> <span class='ocrx_word' id='word_1_17' title='bbox 617 776 659 841; x_wconf 78' lang='lat' dir='ltr'>ita</span> <span class='ocrx_word' id='word_1_18' title='bbox 673 773 837 858; x_wconf 86' lang='lat' dir='ltr'>cohibeat,</span> <span class='ocrx_word' id='word_1_19' title='bbox 863 793 893 842; x_wconf 87' lang='lat' dir='ltr'>vt</span> <span class='ocrx_word' id='word_1_20' title='bbox 909 766 970 842; x_wconf 84' lang='lat' dir='ltr'>nihl</span> 
     </span>
     <span class='ocr_line' id='line_1_5' title="bbox 175 862 1006 972; baseline -0.002 -25"><span class='ocrx_word' id='word_1_21' title='bbox 175 875 288 972; x_wconf 84' lang='lat' dir='ltr'>fingat,</span> <span class='ocrx_word' id='word_1_22' title='bbox 308 875 386 944; x_wconf 85' lang='lat' dir='ltr'>nihil</span> <span class='ocrx_word' id='word_1_23' title='bbox 405 894 516 959; x_wconf 88' lang='lat' dir='ltr'>mutet,</span> <span class='ocrx_word' id='word_1_24' title='bbox 539 871 618 944; x_wconf 88' lang='lat' dir='ltr'>nihil</span> <span class='ocrx_word' id='word_1_25' title='bbox 637 868 969 959; x_wconf 79' lang='lat' dir='ltr'>detrahat‚¹int&#39;ttdt&#39;tat.·</span> <span class='ocrx_word' id='word_1_26' title='bbox 995 862 1006 965; x_wconf 65' lang='lat' dir='ltr'>l</span> 
     </span>
    </p>
   </div>
   <div class='ocr_carea' id='block_1_3' title="bbox 160 968 1005 3500">
    <p class='ocr_par' dir='ltr' id='par_1_3' title="bbox 160 968 1005 3500">
     <span class='ocr_line' id='line_1_6' title="bbox 178 968 1005 1075; baseline -0.006 -27"><span class='ocrx_word' id='word_1_27' title='bbox 178 982 219 1048; x_wconf 86' lang='lat' dir='ltr'>do</span> <span class='ocrx_word' id='word_1_28' title='bbox 235 990 332 1046; x_wconf 84' lang='lat' dir='ltr'>autem</span> <span class='ocrx_word' id='word_1_29' title='bbox 353 990 414 1043; x_wconf 85' lang='lat' dir='ltr'>tam</span> <span class='ocrx_word' id='word_1_30' title='bbox 436 983 618 1045; x_wconf 75' lang='lat' dir='ltr'>exercitatur</span> <span class='ocrx_word' id='word_1_31' title='bbox 639 975 685 1053; x_wconf 76' lang='lat' dir='ltr'>fit,</span> <span class='ocrx_word' id='word_1_32' title='bbox 711 988 836 1070; x_wconf 76' lang='lat' dir='ltr'>tamque</span> <span class='ocrx_word' id='word_1_33' title='bbox 852 980 969 1067; x_wconf 69' lang='lat' dir='ltr'>seuerus.</span> <span class='ocrx_word' id='word_1_34' title='bbox 995 968 1005 1075; x_wconf 70' lang='grc' dir='ltr'>ξ</span> 
     </span>
     <span class='ocr_line' id='line_1_7' title="bbox 175 1068 1005 1171; baseline -0.008 -21"><span class='ocrx_word' id='word_1_35' title='bbox 175 1098 209 1150; x_wconf 80' lang='lat' dir='ltr'>vt</span> <span class='ocrx_word' id='word_1_36' title='bbox 227 1102 299 1146; x_wconf 82' lang='lat' dir='ltr'>vera</span> <span class='ocrx_word' id='word_1_37' title='bbox 319 1073 431 1146; x_wconf 75' lang='lat' dir='ltr'>asellis</span> <span class='ocrx_word' id='word_1_38' title='bbox 453 1099 483 1146; x_wconf 87' lang='lat' dir='ltr'>et</span> <span class='ocrx_word' id='word_1_39' title='bbox 506 1074 588 1145; x_wconf 74' lang='lat' dir='ltr'>fietis</span> <span class='ocrx_word' id='word_1_40' title='bbox 614 1068 769 1144; x_wconf 80' lang='lat' dir='ltr'>subtiliter</span> <span class='ocrx_word' id='word_1_41' title='bbox 789 1073 969 1171; x_wconf 83' lang='lat' dir='ltr'>dissinguert,</span> <span class='ocrx_word' id='word_1_42' title='bbox 995 1078 1005 1155; x_wconf 77' lang='grc' dir='ltr'>ξ</span> 
     </span>
     <span class='ocr_line' id='line_1_8' title="bbox 175 1172 1005 1274; baseline -0.002 -23"><span class='ocrx_word' id='word_1_43' title='bbox 175 1200 206 1252; x_wconf 82' lang='lat' dir='ltr'>et</span> <span class='ocrx_word' id='word_1_44' title='bbox 222 1173 320 1247; x_wconf 88' lang='lat' dir='ltr'>fidem</span> <span class='ocrx_word' id='word_1_45' title='bbox 340 1203 375 1245; x_wconf 89' lang='lat' dir='ltr'>ac</span> <span class='ocrx_word' id='word_1_46' title='bbox 394 1173 582 1273; x_wconf 84' lang='lat' dir='ltr'>dignitatem</span> <span class='ocrx_word' id='word_1_47' title='bbox 599 1179 753 1269; x_wconf 87' lang='lat' dir='ltr'>cuiusque</span> <span class='ocrx_word' id='word_1_48' title='bbox 771 1172 969 1274; x_wconf 79' lang='lat' dir='ltr'>scriptoristt·</span> <span class='ocrx_word' id='word_1_49' title='bbox 1003 1222 1005 1249; x_wconf 76' lang='grc'><strong><em>;</em></strong></span> 
     </span>
     <span class='ocr_line' id='line_1_9' title="bbox 174 1273 969 1374; baseline -0.005 -24"><span class='ocrx_word' id='word_1_50' title='bbox 174 1297 281 1350; x_wconf 86' lang='lat' dir='ltr'>curate</span> <span class='ocrx_word' id='word_1_51' title='bbox 298 1273 393 1374; x_wconf 77' lang='lat' dir='ltr'>possit</span> <span class='ocrx_word' id='word_1_52' title='bbox 411 1278 587 1373; x_wconf 84' lang='lat' dir='ltr'>explorare,</span> <span class='ocrx_word' id='word_1_53' title='bbox 609 1275 722 1345; x_wconf 89' lang='lat' dir='ltr'>nevel</span> <span class='ocrx_word' id='word_1_54' title='bbox 746 1275 824 1347; x_wconf 85' lang='lat' dir='ltr'>anili</span> <span class='ocrx_word' id='word_1_55' title='bbox 846 1274 969 1374; x_wconf 88' lang='lat' dir='ltr'>superlli·</span> 
     </span>
     <span class='ocr_line' id='line_1_10' title="bbox 174 1372 969 1474; baseline -0.006 -22"><span class='ocrx_word' id='word_1_56' title='bbox 174 1385 265 1452; x_wconf 84' lang='lat' dir='ltr'>tione</span> <span class='ocrx_word' id='word_1_57' title='bbox 281 1376 462 1474; x_wconf 82' lang='lat' dir='ltr'>decipiatur,</span> <span class='ocrx_word' id='word_1_58' title='bbox 479 1377 529 1448; x_wconf 87' lang='lat' dir='ltr'>vel</span> <span class='ocrx_word' id='word_1_59' title='bbox 547 1396 670 1447; x_wconf 87' lang='lat' dir='ltr'>temere</span> <span class='ocrx_word' id='word_1_60' title='bbox 687 1384 821 1473; x_wconf 82' lang='lat' dir='ltr'>quaeuit</span> <span class='ocrx_word' id='word_1_61' title='bbox 845 1372 969 1448; x_wconf 81' lang='lat' dir='ltr'>corradtt</span> 
     </span>
     <span class='ocr_line' id='line_1_11' title="bbox 174 1473 968 1573; baseline -0.003 -21"><span class='ocrx_word' id='word_1_62' title='bbox 174 1501 207 1552; x_wconf 81' lang='lat' dir='ltr'>et</span> <span class='ocrx_word' id='word_1_63' title='bbox 224 1476 358 1549; x_wconf 84' lang='lat' dir='ltr'>misceat.</span> <span class='ocrx_word' id='word_1_64' title='bbox 410 1474 472 1549; x_wconf 87' lang='lat' dir='ltr'>Sed</span> <span class='ocrx_word' id='word_1_65' title='bbox 496 1504 555 1549; x_wconf 83' lang='lat' dir='ltr'>nee</span> <span class='ocrx_word' id='word_1_66' title='bbox 582 1480 632 1547; x_wconf 85' lang='lat' dir='ltr'>his</span> <span class='ocrx_word' id='word_1_67' title='bbox 658 1473 791 1573; x_wconf 75' lang='lat' dir='ltr'>dotibus</span> <span class='ocrx_word' id='word_1_68' title='bbox 822 1478 968 1550; x_wconf 68' lang='lat' dir='ltr'>inllruslfl</span> 
     </span>
     <span class='ocr_line' id='line_1_12' title="bbox 169 1575 967 1676; baseline -0.006 -22"><span class='ocrx_word' id='word_1_69' title='bbox 169 1575 396 1654; x_wconf 81' lang='lat' dir='ltr'>suissevidetur</span> <span class='ocrx_word' id='word_1_70' title='bbox 415 1576 549 1676; x_wconf 80' lang='lat' dir='ltr'>scriptor</span> <span class='ocrx_word' id='word_1_71' title='bbox 565 1578 833 1675; x_wconf 73' lang='lat' dir='ltr'>francogallicus.</span> <span class='ocrx_word' id='word_1_72' title='bbox 858 1584 967 1652; x_wconf 83' lang='lat' dir='ltr'>Etenim</span> 
     </span>
     <span class='ocr_line' id='line_1_13' title="bbox 172 1675 967 1777; baseline -0.008 -22"><span class='ocrx_word' id='word_1_73' title='bbox 172 1688 207 1755; x_wconf 89' lang='lat' dir='ltr'>iu</span> <span class='ocrx_word' id='word_1_74' title='bbox 226 1679 425 1777; x_wconf 82' lang='lat' dir='ltr'>exponendis</span> <span class='ocrx_word' id='word_1_75' title='bbox 450 1686 496 1767; x_wconf 87' lang='lat' dir='ltr'>iis,</span> <span class='ocrx_word' id='word_1_76' title='bbox 520 1703 600 1777; x_wconf 81' lang='lat' dir='ltr'>quae</span> <span class='ocrx_word' id='word_1_77' title='bbox 625 1703 644 1748; x_wconf 84' lang='lat' dir='ltr'>e</span> <span class='ocrx_word' id='word_1_78' title='bbox 666 1675 873 1776; x_wconf 71' lang='lat' dir='ltr'>scriptoribus</span> <span class='ocrx_word' id='word_1_79' title='bbox 895 1682 967 1750; x_wconf 80' lang='lat' dir='ltr'>nariit</span> 
     </span>
     <span class='ocr_line' id='line_1_14' title="bbox 171 1778 966 1869; baseline 0 -15"><span class='ocrx_word' id='word_1_80' title='bbox 171 1779 282 1869; x_wconf 75' lang='lat' dir='ltr'>affert,</span> <span class='ocrx_word' id='word_1_81' title='bbox 313 1782 412 1850; x_wconf 82' lang='lat' dir='ltr'>multa</span> <span class='ocrx_word' id='word_1_82' title='bbox 439 1799 560 1850; x_wconf 83' lang='lat' dir='ltr'>temere</span> <span class='ocrx_word' id='word_1_83' title='bbox 591 1785 778 1851; x_wconf 85' lang='lat' dir='ltr'>itnmutauit</span> <span class='ocrx_word' id='word_1_84' title='bbox 805 1781 911 1854; x_wconf 78' lang='lat' dir='ltr'>leuitas</span> <span class='ocrx_word' id='word_1_85' title='bbox 928 1778 966 1855; x_wconf 82' lang='lat' dir='ltr'>illt</span> 
     </span>
     <span class='ocr_line' id='line_1_15' title="bbox 170 1878 966 1983; baseline 0.003 -30"><span class='ocrx_word' id='word_1_86' title='bbox 170 1883 267 1983; x_wconf 83' lang='lat' dir='ltr'>planu</span> <span class='ocrx_word' id='word_1_87' title='bbox 285 1879 482 1966; x_wconf 81' lang='lat' dir='ltr'>incredibilis,</span> <span class='ocrx_word' id='word_1_88' title='bbox 494 1905 575 1978; x_wconf 76' lang='lat' dir='ltr'>quae</span> <span class='ocrx_word' id='word_1_89' title='bbox 592 1878 777 1955; x_wconf 82' lang='lat' dir='ltr'>innatasete</span> <span class='ocrx_word' id='word_1_90' title='bbox 793 1883 836 1956; x_wconf 85' lang='lat' dir='ltr'>eil</span> <span class='ocrx_word' id='word_1_91' title='bbox 853 1884 966 1981; x_wconf 77' lang='lat' dir='ltr'>illiget·</span> 
     </span>
     <span class='ocr_line' id='line_1_16' title="bbox 170 1978 966 2081; baseline -0.001 -26"><span class='ocrx_word' id='word_1_92' title='bbox 170 1989 207 2072; x_wconf 86' lang='lat' dir='ltr'>ti,</span> <span class='ocrx_word' id='word_1_93' title='bbox 222 2002 252 2055; x_wconf 89' lang='lat' dir='ltr'>et</span> <span class='ocrx_word' id='word_1_94' title='bbox 270 1984 309 2051; x_wconf 85' lang='lat' dir='ltr'>ab</span> <span class='ocrx_word' id='word_1_95' title='bbox 326 1981 393 2081; x_wconf 85' lang='lat' dir='ltr'>ipsa</span> <span class='ocrx_word' id='word_1_96' title='bbox 411 2003 520 2053; x_wconf 73' lang='lat' dir='ltr'>nutura</span> <span class='ocrx_word' id='word_1_97' title='bbox 543 1978 643 2051; x_wconf 77' lang='lat' dir='ltr'>inlita.</span> <span class='ocrx_word' id='word_1_98' title='bbox 688 1984 797 2055; x_wconf 87' lang='lat' dir='ltr'>Multa</span> <span class='ocrx_word' id='word_1_99' title='bbox 819 1991 912 2060; x_wconf 85' lang='lat' dir='ltr'>etiattt</span> <span class='ocrx_word' id='word_1_100' title='bbox 932 2005 966 2054; x_wconf 79' lang='lat' dir='ltr'>te·</span> 
     </span>
     <span class='ocr_line' id='line_1_17' title="bbox 169 2080 966 2181; baseline 0.001 -26"><span class='ocrx_word' id='word_1_101' title='bbox 169 2109 261 2156; x_wconf 88' lang='lat' dir='ltr'>mere</span> <span class='ocrx_word' id='word_1_102' title='bbox 275 2090 422 2179; x_wconf 76' lang='lat' dir='ltr'>arripuit,</span> <span class='ocrx_word' id='word_1_103' title='bbox 446 2080 537 2181; x_wconf 87' lang='lat' dir='ltr'>qnod</span> <span class='ocrx_word' id='word_1_104' title='bbox 562 2080 754 2154; x_wconf 81' lang='lat' dir='ltr'>videbantur</span> <span class='ocrx_word' id='word_1_105' title='bbox 776 2087 823 2156; x_wconf 89' lang='lat' dir='ltr'>ob</span> <span class='ocrx_word' id='word_1_106' title='bbox 843 2081 966 2157; x_wconf 82' lang='lat' dir='ltr'>insolen·</span> 
     </span>
     <span class='ocr_line' id='line_1_18' title="bbox 168 2181 966 2258; baseline -0.005 0"><span class='ocrx_word' id='word_1_107' title='bbox 168 2191 247 2258; x_wconf 80' lang='lat' dir='ltr'>tiam</span> <span class='ocrx_word' id='word_1_108' title='bbox 259 2184 297 2253; x_wconf 90' lang='lat' dir='ltr'>ad</span> <span class='ocrx_word' id='word_1_109' title='bbox 308 2181 507 2257; x_wconf 76' lang='lat' dir='ltr'>efficiendam</span> <span class='ocrx_word' id='word_1_110' title='bbox 516 2188 616 2252; x_wconf 80' lang='lat' dir='ltr'>animi</span> <span class='ocrx_word' id='word_1_111' title='bbox 630 2181 881 2258; x_wconf 68' lang='lat' dir='ltr'>deledlationeut</span> <span class='ocrx_word' id='word_1_112' title='bbox 889 2210 966 2256; x_wconf 73' lang='lat' dir='ltr'>conta</span> 
     </span>
     <span class='ocr_line' id='line_1_19' title="bbox 169 2277 965 2384; baseline 0.005 -30"><span class='ocrx_word' id='word_1_113' title='bbox 169 2307 276 2384; x_wconf 81' lang='lat' dir='ltr'>parata</span> <span class='ocrx_word' id='word_1_114' title='bbox 298 2280 377 2367; x_wconf 81' lang='lat' dir='ltr'>esse,</span> <span class='ocrx_word' id='word_1_115' title='bbox 412 2285 459 2355; x_wconf 89' lang='lat' dir='ltr'>vel</span> <span class='ocrx_word' id='word_1_116' title='bbox 488 2287 696 2354; x_wconf 83' lang='lat' dir='ltr'>mirationem</span> <span class='ocrx_word' id='word_1_117' title='bbox 719 2292 856 2359; x_wconf 75' lang='lat' dir='ltr'>excitare</span> <span class='ocrx_word' id='word_1_118' title='bbox 882 2277 965 2384; x_wconf 68' lang='lat' dir='ltr'>posu</span> 
     </span>
     <span class='ocr_line' id='line_1_20' title="bbox 168 2382 966 2480; baseline 0 -21"><span class='ocrx_word' id='word_1_119' title='bbox 168 2386 343 2463; x_wconf 81' lang='lat' dir='ltr'>Cunnull&#39;it</span> <span class='ocrx_word' id='word_1_120' title='bbox 358 2393 454 2463; x_wconf 74' lang='lat' dir='ltr'>etiarn</span> <span class='ocrx_word' id='word_1_121' title='bbox 473 2390 548 2470; x_wconf 89' lang='lat' dir='ltr'>hoc,</span> <span class='ocrx_word' id='word_1_122' title='bbox 566 2405 608 2469; x_wconf 83' lang='lat' dir='ltr'>vt,</span> <span class='ocrx_word' id='word_1_123' title='bbox 625 2382 717 2480; x_wconf 87' lang='lat' dir='ltr'>quod</span> <span class='ocrx_word' id='word_1_124' title='bbox 745 2385 846 2460; x_wconf 89' lang='lat' dir='ltr'>semel</span> <span class='ocrx_word' id='word_1_125' title='bbox 868 2386 966 2460; x_wconf 67' lang='lat' dir='ltr'>atterit</span> 
     </span>
     <span class='ocr_line' id='line_1_21' title="bbox 168 2479 965 2573; baseline -0.005 -11"><span class='ocrx_word' id='word_1_126' title='bbox 168 2487 289 2562; x_wconf 75' lang='lat' dir='ltr'>sadum</span> <span class='ocrx_word' id='word_1_127' title='bbox 306 2488 362 2573; x_wconf 88' lang='lat' dir='ltr'>ell,</span> <span class='ocrx_word' id='word_1_128' title='bbox 374 2507 406 2558; x_wconf 84' lang='lat' dir='ltr'>et</span> <span class='ocrx_word' id='word_1_129' title='bbox 419 2482 672 2557; x_wconf 81' lang='lat' dir='ltr'>extraordinario</span> <span class='ocrx_word' id='word_1_130' title='bbox 686 2487 792 2558; x_wconf 87' lang='lat' dir='ltr'>modo</span> <span class='ocrx_word' id='word_1_131' title='bbox 808 2490 925 2572; x_wconf 80' lang='lat' dir='ltr'>accidit,</span> <span class='ocrx_word' id='word_1_132' title='bbox 939 2479 965 2558; x_wconf 88' lang='lat' dir='ltr'>id</span> 
     </span>
     <span class='ocr_line' id='line_1_22' title="bbox 164 2586 962 2663; baseline -0.003 -1"><span class='ocrx_word' id='word_1_133' title='bbox 164 2587 328 2663; x_wconf 78' lang='lat' dir='ltr'>interdurn</span> <span class='ocrx_word' id='word_1_134' title='bbox 344 2587 425 2660; x_wconf 85' lang='lat' dir='ltr'>dieat</span> <span class='ocrx_word' id='word_1_135' title='bbox 438 2591 504 2657; x_wconf 85' lang='lat' dir='ltr'>vim</span> <span class='ocrx_word' id='word_1_136' title='bbox 519 2591 596 2657; x_wconf 79' lang='lat' dir='ltr'>ritus</span> <span class='ocrx_word' id='word_1_137' title='bbox 612 2607 642 2656; x_wconf 90' lang='lat' dir='ltr'>et</span> <span class='ocrx_word' id='word_1_138' title='bbox 665 2586 905 2662; x_wconf 80' lang='lat' dir='ltr'>consuetudinis</span> <span class='ocrx_word' id='word_1_139' title='bbox 917 2591 962 2660; x_wconf 74' lang='lat' dir='ltr'>lte·</span> 
     </span>
     <span class='ocr_line' id='line_1_23' title="bbox 167 2685 966 2788; baseline -0.001 -25"><span class='ocrx_word' id='word_1_140' title='bbox 167 2686 285 2777; x_wconf 82' lang='lat' dir='ltr'>buitle3</span> <span class='ocrx_word' id='word_1_141' title='bbox 310 2713 341 2760; x_wconf 83' lang='lat' dir='ltr'>ut</span> <span class='ocrx_word' id='word_1_142' title='bbox 360 2696 424 2761; x_wconf 83' lang='lat' dir='ltr'>iant</span> <span class='ocrx_word' id='word_1_143' title='bbox 445 2687 502 2758; x_wconf 81' lang='lat' dir='ltr'>alia</span> <span class='ocrx_word' id='word_1_144' title='bbox 519 2706 689 2774; x_wconf 66' lang='lat' dir='ltr'>taceamus,</span> <span class='ocrx_word' id='word_1_145' title='bbox 707 2694 741 2759; x_wconf 93' lang='lat' dir='ltr'>in</span> <span class='ocrx_word' id='word_1_146' title='bbox 765 2692 881 2788; x_wconf 79' lang='lat' dir='ltr'>quihus</span> <span class='ocrx_word' id='word_1_147' title='bbox 899 2685 966 2761; x_wconf 81' lang='lat' dir='ltr'>dei-</span> 
     </span>
     <span class='ocr_line' id='line_1_24' title="bbox 165 2786 966 2887; baseline 0 -24"><span class='ocrx_word' id='word_1_148' title='bbox 165 2792 292 2863; x_wconf 77' lang='lat' dir='ltr'>duratur</span> <span class='ocrx_word' id='word_1_149' title='bbox 309 2795 468 2861; x_wconf 75' lang='lat' dir='ltr'>accuratio</span> <span class='ocrx_word' id='word_1_150' title='bbox 484 2788 547 2866; x_wconf 87' lang='lat' dir='ltr'>iila,</span> <span class='ocrx_word' id='word_1_151' title='bbox 564 2786 630 2858; x_wconf 85' lang='lat' dir='ltr'>stne</span> <span class='ocrx_word' id='word_1_152' title='bbox 648 2815 710 2887; x_wconf 86' lang='lat' dir='ltr'>qua</span> <span class='ocrx_word' id='word_1_153' title='bbox 728 2791 803 2862; x_wconf 74' lang='lat' dir='ltr'>tales</span> <span class='ocrx_word' id='word_1_154' title='bbox 820 2791 893 2862; x_wconf 84' lang='lat' dir='ltr'>libri</span> <span class='ocrx_word' id='word_1_155' title='bbox 915 2813 966 2863; x_wconf 77' lang='lat' dir='ltr'>nee</span> 
     </span>
     <span class='ocr_line' id='line_1_25' title="bbox 164 2885 966 2989; baseline 0 -24"><span class='ocrx_word' id='word_1_156' title='bbox 164 2893 254 2965; x_wconf 68' lang='lat' dir='ltr'>utiles</span> <span class='ocrx_word' id='word_1_157' title='bbox 268 2888 330 2963; x_wconf 82' lang='lat' dir='ltr'>elle</span> <span class='ocrx_word' id='word_1_158' title='bbox 346 2885 484 2989; x_wconf 77' lang='lat' dir='ltr'>potsunt,</span> <span class='ocrx_word' id='word_1_159' title='bbox 500 2915 558 2960; x_wconf 84' lang='lat' dir='ltr'>nec</span> <span class='ocrx_word' id='word_1_160' title='bbox 573 2891 820 2988; x_wconf 73' lang='lat' dir='ltr'>intelligentibus</span> <span class='ocrx_word' id='word_1_161' title='bbox 838 2889 966 2965; x_wconf 75' lang='lat' dir='ltr'>iucundi</span> 
     </span>
     <span class='ocr_line' id='line_1_26' title="bbox 163 2991 965 3096; baseline -0.001 -31"><span class='ocrx_word' id='word_1_162' title='bbox 163 2995 250 3096; x_wconf 75' lang='lat' dir='ltr'>Quid</span> <span class='ocrx_word' id='word_1_163' title='bbox 269 2999 364 3094; x_wconf 82' lang='lat' dir='ltr'>igitur</span> <span class='ocrx_word' id='word_1_164' title='bbox 390 3016 490 3064; x_wconf 79' lang='lat' dir='ltr'>urea</span> <span class='ocrx_word' id='word_1_165' title='bbox 503 3016 529 3060; x_wconf 78' lang='lat' dir='ltr'>u</span> <span class='ocrx_word' id='word_1_166' title='bbox 541 3015 632 3060; x_wconf 80' lang='lat' dir='ltr'>nun</span> <span class='ocrx_word' id='word_1_167' title='bbox 645 3019 667 3060; x_wconf 92' lang='lat' dir='ltr'><strong>v</strong></span> <span class='ocrx_word' id='word_1_168' title='bbox 679 3018 718 3077; x_wconf 84' lang='lat' dir='ltr'>nt,</span> <span class='ocrx_word' id='word_1_169' title='bbox 745 2999 833 3066; x_wconf 88' lang='lat' dir='ltr'>cuius</span> <span class='ocrx_word' id='word_1_170' title='bbox 853 2991 965 3064; x_wconf 68' lang='lat' dir='ltr'>doetri-</span> 
     </span>
     <span class='ocr_line' id='line_1_27' title="bbox 161 3088 965 3192; baseline -0.005 -22"><span class='ocrx_word' id='word_1_171' title='bbox 161 3125 239 3172; x_wconf 81' lang='lat' dir='ltr'>nam</span> <span class='ocrx_word' id='word_1_172' title='bbox 260 3117 290 3167; x_wconf 79' lang='lat' dir='ltr'>et</span> <span class='ocrx_word' id='word_1_173' title='bbox 309 3100 476 3188; x_wconf 85' lang='lat' dir='ltr'>ingenium</span> <span class='ocrx_word' id='word_1_174' title='bbox 490 3119 559 3163; x_wconf 88' lang='lat' dir='ltr'>non</span> <span class='ocrx_word' id='word_1_175' title='bbox 582 3088 776 3191; x_wconf 88' lang='lat' dir='ltr'>spernimus,</span> <span class='ocrx_word' id='word_1_176' title='bbox 801 3093 965 3192; x_wconf 82' lang='lat' dir='ltr'>impulerit,</span> 
     </span>
     <span class='ocr_line' id='line_1_28' title="bbox 161 3187 966 3293; baseline -0.005 -21"><span class='ocrx_word' id='word_1_177' title='bbox 161 3219 196 3272; x_wconf 70' lang='lat' dir='ltr'>nt</span> <span class='ocrx_word' id='word_1_178' title='bbox 208 3197 291 3270; x_wconf 80' lang='lat' dir='ltr'>hanc</span> <span class='ocrx_word' id='word_1_179' title='bbox 306 3196 418 3274; x_wconf 81' lang='lat' dir='ltr'>rudent</span> <span class='ocrx_word' id='word_1_180' title='bbox 434 3213 465 3265; x_wconf 83' lang='lat' dir='ltr'>et</span> <span class='ocrx_word' id='word_1_181' title='bbox 485 3190 671 3292; x_wconf 87' lang='lat' dir='ltr'>indigellam</span> <span class='ocrx_word' id='word_1_182' title='bbox 694 3196 831 3281; x_wconf 86' lang='lat' dir='ltr'>molem,</span> <span class='ocrx_word' id='word_1_183' title='bbox 855 3214 888 3266; x_wconf 90' lang='lat' dir='ltr'>vt</span> <span class='ocrx_word' id='word_1_184' title='bbox 906 3187 966 3293; x_wconf 74' lang='lat' dir='ltr'>ipse</span> 
     </span>
     <span class='ocr_line' id='line_1_29' title="bbox 160 3293 964 3474; baseline -0.012 -96"><span class='ocrx_word' id='word_1_185' title='bbox 160 3301 300 3406; x_wconf 64' lang='lat' dir='ltr'>appellnt</span> <span class='ocrx_word' id='word_1_186' title='bbox 317 3306 350 3374; x_wconf 91' lang='lat' dir='ltr'>in</span> <span class='ocrx_word' id='word_1_187' title='bbox 371 3293 589 3399; x_wconf 78' lang='lat' dir='ltr'>praefatione,</span> <span class='ocrx_word' id='word_1_188' title='bbox 612 3303 709 3372; x_wconf 85' lang='lat' dir='ltr'>etiam</span> <span class='ocrx_word' id='word_1_189' title='bbox 735 3303 772 3372; x_wconf 92' lang='lat' dir='ltr'>in</span> <span class='ocrx_word' id='word_1_190' title='bbox 795 3300 964 3474; x_wconf 47' lang='lat' dir='ltr'>hatdterrn</span> 
     </span>
     <span class='ocr_line' id='line_1_30' title="bbox 875 3419 963 3500; baseline -0.023 -28"><span class='ocrx_word' id='word_1_191' title='bbox 875 3419 963 3500; x_wconf 87' lang='lat' dir='ltr'>epot·</span> 
     </span>
    </p>
   </div>
   <div class='ocr_carea' id='block_1_4' title="bbox 0 0 1134 3900">
    <p class='ocr_par' dir='ltr' id='par_1_4' title="bbox 0 0 1134 3900">
     <span class='ocr_line' id='line_1_31' title="bbox 0 0 1134 3900; baseline 0 4"><span class='ocrx_word' id='word_1_192' title='bbox 0 0 1134 3900; x_wconf 95' lang='lat' dir='ltr'> </span> 
     </span>
    </p>
   </div>
  </div>
 </body>
</html>
