2259 3900
217 350 465 449 amreffe
486 354 532 431 ιι
552 354 672 439 [ima
785 377 860 461 4³⁸

137 563 186 634 et,
213 549 268 646 qai
293 568 371 618 rum
397 548 673 643 interpretaretur,
703 538 864 621 adstruxit.

137 646 202 719 iero
219 644 252 719 id
268 641 472 719 roaritoesoa
486 658 587 744 opera
598 644 724 718 efficere
734 644 863 738 studuit,

155 751 272 820 Cicero
290 742 473 847 planiffirne
494 747 604 819 nostra
622 749 729 844 lingua
747 746 862 847 loque-

160 869 192 922 et
211 867 383 946 praerepta
400 851 465 931 eiua
480 841 717 945 philosophica,
734 855 860 921 acriore

139 977 162 1021 o
185 949 295 1021 limata
346 952 497 1021 ariterac
519 945 692 1034 declarata,
720 944 861 1021 sensibus

137 1076 210 1150 tque
260 973 377 1123 noritis
415 1046 714 1125 accommodatiora
752 1043 861 1122 efferat.

137 1180 158 1223 o
179 1156 324 1251 priorem
344 1149 415 1220 libri
436 1148 548 1222 locum
566 1169 661 1223 tener.
716 1153 799 1221 Earn
816 1155 861 1222 ita

137 1257 223 1340 aruit,
238 1274 272 1324 at
287 1247 373 1325 ideae
390 1245 558 1322 sententiae
584 1275 624 1321 oe
639 1275 756 1322 omnea
765 1254 859 1325 Cice·

140 1409 151 1442 ,
190 1351 309 1426 ordine
334 1356 516 1422 erratione
541 1274 583 1421 a}
611 1348 859 1448 intelligendum

138 1457 215 1543 ima,
236 1453 375 1526 fideliter
395 1458 428 1523 in
447 1451 651 1525 vernaculum
669 1448 859 1526 sermonem

138 1553 243 1643 erret,
270 1553 376 1627 stilum
401 1571 432 1625 et
453 1549 596 1625 sormam
610 1558 765 1627 orationis
780 1551 859 1651 ipse,

138 1681 217 1730 :ree
240 1651 402 1754 posceret,
429 1652 602 1726 adhiberet.
655 1659 782 1727 Etenim
801 1660 861 1729 Vir

138 1754 154 1830 i
170 1761 205 1829 io
219 1755 416 1855 praefatione
433 1774 557 1841 monet,
567 1754 657 1851 quod
667 1758 861 1854 pierumque

138 1859 268 1931 >retibus
280 1863 314 1929 in
330 1855 396 1928 aliis
412 1851 616 1953 scriptoribus
632 1852 788 1929 vertendis
799 1857 859 1950 ob·

138 1962 234 2034 ndom
260 1956 318 2048 sit,
351 1979 384 2029 vt
408 1955 566 2055 singulare
589 1982 704 2030 eorum
729 1954 858 2031 dicendi

138 2090 142 2134 r
158 2081 189 2132 et
205 2060 422 2132 charatierenr
435 2063 635 2157 expriment,
658 2059 692 2132 id
709 2057 767 2132 fibi
786 2083 857 2133 non

138 2157 253 2236 [arium
266 2167 300 2233 in
316 2164 488 2247 Cicerone,
515 2155 699 2256 praesertim
717 2166 752 2234 in
771 2162 858 2242 libro

138 2262 238 2360 fficio,
260 2255 359 2349 fuisse,
376 2266 463 2333 caina
483 2265 600 2349 oratio,
622 2281 654 2332 vt
667 2268 786 2359 optimi
800 2288 858 2333 cu-

138 2383 155 2439 'e
178 2359 357 2460 scriptoria,
382 2362 461 2434 nihii
486 2387 503 2431 a
522 2361 655 2434 naturali
671 2367 858 2436 communi-

138 2471 314 2553 tomiourn,
335 2466 422 2535 ret‘ie
442 2466 567 2535 ratione
583 2470 752 2548 arentium,
777 2488 859 2534 con·

138 2565 208 2640 iine
222 2564 352 2639 dicendi
372 2560 570 2650 seiunctum,
603 2564 684 2638 nihil
703 2560 858 2638 adscitum

138 2665 280 2742 inarum
294 2669 417 2739 habeat.
466 2665 672 2763 Quapropter
685 2670 719 2737 in
734 2685 861 2738 vertert·

138 2769 198 2844 eud
212 2785 288 2840 'raro
303 2794 340 2839 ea
353 2768 494 2839 libertate
513 2762 584 2837 vsus
601 2768 655 2851 eii,
680 2789 713 2837 vt
726 2772 860 2842 Cicero·

139 2876 263 2947 ationer
280 2889 311 2941 et
325 2868 500 2953 sententias,
525 2866 578 2937 vbi
592 2874 697 2940 minua
712 2887 858 2954 accurate

139 2972 228 3048 ntitas
249 2970 533 3055 animaduerteret,
559 2966 599 3039 ad
619 2968 762 3040 melioria
777 2969 859 3042 iudi·

139 3080 263 3150 tionem
286 3067 516 3155 conformatas,
538 3090 665 3142 murato
682 3068 860 3148 verborum

143 3197 176 3251 et
191 3173 325 3258 ordine,
358 3176 393 3242 in
410 3168 555 3243 versione
570 3191 726 3268 ponerer;
758 3165 862 3269 quod,
891 3261 894 3266 Α

139 3263 863 3464 pap-iadssebapabsaffluaipie

172 3431 182 3454 ο
218 3429 229 3452 0
534 3395 558 3445 0
836 3393 861 3443 ss
