2259 3900
190 404 268 480 292
415 389 469 463 ΙΙ.
495 387 553 461 Da
571 389 664 461 libris
678 388 776 466 matt
871 416 873 421 ·
899 384 901 393 ’

191 574 353 678 pluribus,
375 593 407 649 et
429 574 517 648 ledlu
540 542 677 650 iucundi
693 579 831 659 annum!
863 571 932 646 llam

189 684 244 754 hic
257 678 341 751 utilia
357 677 513 765 iucundis,
526 702 602 749 vera
615 676 842 776 probabilibus,
856 700 897 762 ea,
909 697 937 770 qt

189 780 317 880 placent
331 777 498 866 omnious,
519 783 567 866 iis,
589 803 667 878 quas
684 775 848 876 displicent
864 773 936 872 fingu

189 900 264 980 apte
280 883 364 949 inter
378 872 410 950 se
421 876 684 966 commiscentur,
696 877 782 950 vnde
796 883 876 950 varia
890 867 937 947 etl

188 986 237 1053 uis
252 979 349 1050 lectio
366 977 505 1077 putanda
521 979 576 1051 est.
628 975 692 1049 Sed
708 979 795 1050 lubet
809 1000 937 1079 argumer

189 1106 289 1182 quam
322 1079 392 1151 fieri
424 1079 544 1177 potell,
597 1077 782 1152 b'reuiffime
810 1071 937 1179 pertenit

187 1175 358 1254 Praernisla
373 1179 428 1268 eil,
443 1205 538 1253 more
553 1175 663 1266 solito,
674 1181 937 1280 chronologiam

186 1277 243 1353 sed
262 1285 356 1352 nouis
380 1281 517 1378 partibus
539 1280 708 1369 conllann,
734 1301 766 1353 et
790 1275 937 1353 talcodatit

185 1385 324 1454 nomina
345 1385 523 1453 uiuentium
542 1386 577 1452 in
600 1385 778 1455 Germania
804 1377 937 1454 medicor

183 1486 364 1555 continens.
425 1486 498 1556 lam'
514 1477 691 1581 sequuntur
718 1484 851 1581 reliqua.
889 1481 937 1552 nl

209 1582 319 1674 raphin
335 1587 522 1656 continuata.
570 1586 685 1683 Incipit
702 1583 743 1654 ab
759 1583 818 1657 litt.
833 1587 867 1656 P.
881 1600 936 1653 etr

180 1607 284 1758 littera
302 1685 340 1753 R.
363 1679 486 1755 definit.
545 1710 574 1755 a.
601 1683 790 1782 Coafireiius
814 1691 937 1757 litteren

181 1787 317 1854 meduna
357 1778 408 1853 Ad
428 1789 539 1875 uiuum
562 1778 706 1880 express'a
727 1791 842 1883 imago
860 1783 918 1870 ell,

180 1880 290 1957 multis
308 1907 380 1954 non
394 1877 464 1954 satis
481 1879 643 1972 arridebit,
670 1892 727 1984 qui
739 1891 936 1961 veritatemo

180 2002 265 2055 runt.
326 2010 349 2062 3·
372 1986 575 2074 Praeceptum
594 1988 796 2061 atanaricum.
838 1990 937 2084 Scripn

179 2081 225 2153 alt
239 2078 298 2156 see.
312 2086 381 2157 XV.
403 2085 442 2155 ab
456 2084 635 2173 archiatro,
665 2112 728 2158 nec
743 2084 814 2160 fine
835 2086 936 2184 volupt

176 2181 301 2279 legitur.
351 2211 375 2265 3.
395 2186 532 2256 Tabulae
546 2190 758 2263 mortalitatis.
787 2184 937 2261 Habenti

175 2308 248 2355 non
266 2284 371 2355 leuem
394 2286 579 2373 utilitatem,
605 2282 748 2387 ideoque
763 2293 873 2386 peritis
888 2285 937 2385 pla

133 2417 135 2423 s
174 2381 263 2455 bunt.
313 2389 348 2456 ln
366 2385 415 2455 his
430 2383 637 2463 adumbratae
658 2383 733 2462 sunt
756 2395 835 2466 Iena
851 2388 937 2481 oppid

174 2481 516 2584 et‘inspciiiolcnenfis,
539 2487 680 2581 Apolda,
702 2487 822 2571 Gotho,
844 2490 937 2561 Ana·

169 2607 249 2680 gam
263 2603 295 2658 et
310 2588 420 2657 omnis
438 2582 578 2677 ducatus,
596 2588 783 2688 Gobnrgam
801 2590 856 2664 rel.
881 2582 937 2665 etfi

93 2699 95 2704 '
170 2679 254 2782 gulis
268 2684 399 2782 pagellis
416 2683 586 2786 expreffae.
635 2720 666 2776 ⁴·
679 2691 835 2783 Racmsus
844 2689 937 2796 froid

167 2786 424 2863 r'um'meditinaa.
459 2792 617 2864 Continet
632 2785 895 2888 supplementum
906 2813 937 2859 cn

167 2880 301 2981 epicrisr.
334 2899 372 2987 js.
391 2888 614 2986 Biograpiiae.
641 2905 847 2968 annuunt
866 2893 929 2964 ein

165 2971 376 3077 dounorr·
395 2991 476 3065 vitae
484 2979 546 3063 ‘hic
557 2989 720 3091 leguntur,
739 2989 780 3065 ex
796 2981 937 3094 seripnl

164 3083 445 3161 dietatia‘me'dl'c'ae
457 3087 620 3165 'Parilinae
637 3088 814 3188 destitutae.
864 3088 937 3167 621)

132 3257 134 3262 ,
161 3196 233 3278 aaut
250 3188 458 3276 pestilentialis.
508 3195 634 3267 Audlor
658 3192 703 3267 est
728 3196 769 3269 cl.
786 3213 791 3228 ’“
812 3213 937 3268 ouva:

156 3301 256 3388 nvn,
279 3302 315 3362 vt
329 3279 576 3400 talla'aedificia,
596 3287 778 3398 quan‘inda'
800 3291 937 3411 apellit

169 3421 190 3444 ·.
203 3433 227 3448 ..
250 3409 268 3476 :g
497 3413 515 3452 a.
554 3429 570 3452 .
922 3408 937 3463 a
