2259 3900
279 460 283 465 -
325 365 514 450 'Elam'
541 377 715 489 dudm?
880 401 931 485 Π

139 560 413 664 dores‚'Soliitque
433 564 553 639 n'ollris
576 564 753 643 fructuosas
778 566 851 645 effe.
893 577 936 648 Et

139 670 226 762 potuit
240 663 388 764 profedlo
405 667 680 767 nullarapitalior
704 671 816 769 pellis,
842 673 932 746 nulla

130 771 225 839 'endor
238 766 419 864 corruptela
435 767 586 842 inuadere
602 775 782 845 hominum
798 773 930 846 nollro·

141 892 200 938 ruur
214 874 346 966 ingenia.
395 873 518 970 Ma'gn'a
529 877 620 943 enim
634 874 694 957 his,
710 878 767 970 qui
782 896 869 946 nune
884 894 930 947 ta·

140 966 173 1038 lia
184 964 319 1052 [cribune
338 975 453 1068 opinio
472 971 526 1058 ell,
542 968 584 1043 ad
603 971 823 1045 conficiendas
839 972 928 1049 fabu-

141 1067 186 1154 lat,
200 1098 271 1168 quae
285 1073 409 1169 plarere
425 1071 554 1170 polline
575 1092 606 1145 et
627 1094 816 1170 appetantur
837 1101 856 1147 a
879 1077 927 1148 le·

143 1171 262 1243 floribus
276 1170 393 1260 auidis,
417 1179 556 1246 minime
584 1179 702 1275 requiri
726 1172 927 1265 dotlrinain

143 1265 186 1342 led
214 1278 245 1343 in
271 1273 328 1345 illo
356 1298 476 1372 genere
501 1272 664 1348 dominari
685 1275 932 1376 plurimumque

143 1371 225 1444 valere
241 1380 419 1472 ingenium,
436 1375 525 1475 quod
550 1382 732 1475 excogitare
756 1375 853 1476 poss'rt
878 1403 930 1451 rea

141 1473 232 1547 multas
248 1476 416 1566 mirabiles,
433 1497 465 1549 et
487 1473 640 1550 sermone
659 1497 763 1550 vtetur
783 1477 927 1578 turgido,

142 1573 179 1644 vel
194 1577 358 1651 verborum
388 1579 503 1649 habeat
527 1585 660 1651 inanem
681 1579 927 1652 volubilitatem.

139 1676 178 1746 sic
193 1680 249 1748 iam
264 1680 356 1752 multi
371 1680 451 1754 boni
465 1685 607 1764 iuuenes,
619 1684 678 1778 ¹qui
692 1685 744 1751 vix
761 1679 925 1752 literarum

139 1775 271 1850 elementa
280 1781 469 1868 didicerunt,
477 1779 517 1852 ad
530 1776 733 1853 scribendum
748 1777 927 1881 profiliunt,

139 1888 243 1952 erana
255 1879 372 1953 fiducia
390 1888 522 1980 ingenii,
537 1879 629 1982 saepe
654 1888 751 1955 etiarn
769 1892 927 1982 cdrrupto

138 1981 325 2056 multitudinis
352 1988 471 2056 iudicio
494 1986 638 2082 decepti,
669 2004 798 2083 tempus
829 1988 926 2083 nugis

85 2125 87 2130 ,
137 2084 265 2177 perdunt,
283 2082 374 2184 quod
400 2106 526 2182 poterat
548 2083 704 2157 collocari
728 2083 837 2158 multo
858 2111 930 2159 me·

135 2180 191 2273 liur,
206 2204 236 2257 et
254 2186 293 2257 ad
315 2187 505 2284 reipublicae
519 2179 653 2259 salutem
670 2186 781 2259 vtiliua.
818 2188 927 2260 Nimi-

134 2308 195 2371 rum
208 2286 304 2359 talem
327 2285 471 2364 fabulam
488 2284 643 2374 scribere,
671 2313 754 2386 quae
779 2276 929 2385 prodesse

133 2386 331 2483 pollitmaiur
345 2389 500 2487 quiddam
516 2388 675 2487 eliquari
689 2391 846 2460 homines
855 2394 930 2489 opi.

85 2531 87 2554 .
134 2510 246 2578 nentur,
263 2510 293 2560 er
308 2490 450 2584 pluribus
467 2515 506 2560 ex
523 2491 640 2561 artibus
664 2488 839 2589 studiisque
859 2488 929 2562 col·

85 2613 87 2630 ¹
130 2586 243 2664 letlum.
265 2586 815 2690 Ellenimatalisrriptorellrientia
828 2616 927 2663 com·-
990 2604 993 2617 '

130 2689 346 2787 prehendenda
363 2692 572 2790 plurimarum
581 2717 710 2781 rerum3
730 2686 927 2791 pernoscen-

85 2771 87 2864 l
130 2789 154 2865 tli
167 2790 234 2866 lunt
242 2785 369 2892 penitus
386 2818 504 2865 ornnes
512 2799 700 2865 animorum
715 2801 929 2892 mutuaquna

127 2891 266 2967 humano
287 2901 402 2992 generi
423 2914 534 2966 natura
556 2895 682 2982 tribuit3
706 2890 930 2994 cognoscendi

119 2988 186 3067 lunt
202 2992 375 3095 diligenter
390 2999 576 3069 <hominurn
600 3019 729 3082 mores,
754 3015 795 3084 et,
816 2994 932 3095 quales

122 3092 175 3168 fint
191 3101 333 3169 inmuni
347 3103 419 3185 vita,
437 3096 542 3169 multo·
558 3091 614 3169 vsu
639 3115 671 3169 et
690 3118 843 3196 perpetua
866 3096 929 3169 ob-

115 3193 293 3271 -leruatione
315 3194 526 3286 discendum
563 3192 630 3296 ipsa
655 3196 795 3296 denique
818 3183 928 3270 oratio

116 3299 352 3377 eonformanda
364 3298 461 3390 ell,et
474 3297 627 3399 firgienda
639 3294 712 3373 sunt
727 3304 803 3375 vitia
815 3296 935 3397 multe,
1020 3383 1026 3391 ,,
1046 3306 1053 3345 ·'

533 3402 605 3488 B5
816 3406 948 3536 nuilus
