<?xml version="1.0" encoding="UTF-8"?>
<!DOCTYPE html PUBLIC "-//W3C//DTD XHTML 1.0 Transitional//EN"
    "http://www.w3.org/TR/xhtml1/DTD/xhtml1-transitional.dtd">
<html xmlns="http://www.w3.org/1999/xhtml" xml:lang="en" lang="en">
 <head>
  <title>
</title>
<meta http-equiv="Content-Type" content="text/html;charset=utf-8" />
  <meta name='ocr-system' content='tesseract 3.04.00' />
  <meta name='ocr-capabilities' content='ocr_page ocr_carea ocr_par ocr_line ocrx_word'/>
</head>
<body>
  <div class='ocr_page' id='page_1' title='image "annalesliterari00brvngoog_0205.png"; bbox 0 0 2259 3900; ppageno 0'>
   <div class='ocr_carea' id='block_1_1' title="bbox 161 326 785 453">
    <p class='ocr_par' dir='ltr' id='par_1_1' title="bbox 161 326 785 453">
     <span class='ocr_line' id='line_1_1' title="bbox 161 326 785 453; baseline -0.008 -35"><span class='ocrx_word' id='word_1_1' title='bbox 161 348 241 440; x_wconf 56' lang='lat'>-194</span> <span class='ocrx_word' id='word_1_2' title='bbox 267 381 306 453; x_wconf 74' lang='grc' dir='ltr'> </span> <span class='ocrx_word' id='word_1_3' title='bbox 457 328 686 417; x_wconf 69' lang='lat' dir='ltr'>LAnattnta.</span> <span class='ocrx_word' id='word_1_4' title='bbox 782 326 785 331; x_wconf 37' lang='lat'>¹</span> 
     </span>
    </p>
   </div>
   <div class='ocr_carea' id='block_1_2' title="bbox 79 523 951 3431">
    <p class='ocr_par' dir='ltr' id='par_1_2' title="bbox 79 523 951 1034">
     <span class='ocr_line' id='line_1_2' title="bbox 166 523 951 631; baseline -0.011 -25"><span class='ocrx_word' id='word_1_5' title='bbox 166 528 399 631; x_wconf 82' lang='lat' dir='ltr'>relinquebatis.</span> <span class='ocrx_word' id='word_1_6' title='bbox 433 531 556 600; x_wconf 82' lang='lat' dir='ltr'><strong>Statum</strong></span> <span class='ocrx_word' id='word_1_7' title='bbox 574 523 715 600; x_wconf 81' lang='lat' dir='ltr'>familiae</span> <span class='ocrx_word' id='word_1_8' title='bbox 735 526 857 601; x_wconf 73' lang='lat' dir='ltr'>rellrae</span> <span class='ocrx_word' id='word_1_9' title='bbox 874 551 904 600; x_wconf 85' lang='lat' dir='ltr'>et</span> <span class='ocrx_word' id='word_1_10' title='bbox 915 524 951 597; x_wconf 87' lang='lat' dir='ltr'>lt·</span> 
     </span>
     <span class='ocr_line' id='line_1_3' title="bbox 166 625 951 728; baseline -0.01 -22"><span class='ocrx_word' id='word_1_11' title='bbox 166 640 241 706; x_wconf 83' lang='lat' dir='ltr'>teris</span> <span class='ocrx_word' id='word_1_12' title='bbox 262 633 302 703; x_wconf 89' lang='lat' dir='ltr'>ab</span> <span class='ocrx_word' id='word_1_13' title='bbox 323 629 473 702; x_wconf 83' lang='lat' dir='ltr'>uxoribus</span> <span class='ocrx_word' id='word_1_14' title='bbox 487 625 546 700; x_wconf 85' lang='lat' dir='ltr'>scri</span> <span class='ocrx_word' id='word_1_15' title='bbox 572 634 610 699; x_wconf 87' lang='lat' dir='ltr'>tls</span> <span class='ocrx_word' id='word_1_16' title='bbox 626 625 838 728; x_wconf 76' lang='lat' dir='ltr'>cognoscetis</span> <span class='ocrx_word' id='word_1_17' title='bbox 883 630 951 726; x_wconf 76' lang='lat' dir='ltr'>Qus</span> 
     </span>
     <span class='ocr_line' id='line_1_4' title="bbox 166 655 951 830; baseline -0.009 -25"><span class='ocrx_word' id='word_1_18' title='bbox 166 734 331 830; x_wconf 81' lang='lat' dir='ltr'>religionis</span> <span class='ocrx_word' id='word_1_19' title='bbox 345 729 444 802; x_wconf 86' lang='lat' dir='ltr'>caulla</span> <span class='ocrx_word' id='word_1_20' title='bbox 461 756 519 801; x_wconf 87' lang='lat' dir='ltr'>vos</span> <span class='ocrx_word' id='word_1_21' title='bbox 534 655 688 800; x_wconf 63' lang='lat' dir='ltr'>tltlicitos</span> <span class='ocrx_word' id='word_1_22' title='bbox 706 729 951 828; x_wconf 69' lang='lat' dir='ltr'>reddant-partim</span> 
     </span>
     <span class='ocr_line' id='line_1_5' title="bbox 168 828 950 930; baseline -0.008 -24"><span class='ocrx_word' id='word_1_23' title='bbox 168 853 202 906; x_wconf 84' lang='lat' dir='ltr'>ct</span> <span class='ocrx_word' id='word_1_24' title='bbox 218 835 325 904; x_wconf 87' lang='lat' dir='ltr'>litteris</span> <span class='ocrx_word' id='word_1_25' title='bbox 342 837 482 917; x_wconf 85' lang='lat' dir='ltr'>Senatus,</span> <span class='ocrx_word' id='word_1_26' title='bbox 497 836 615 928; x_wconf 85' lang='lat' dir='ltr'>partim</span> <span class='ocrx_word' id='word_1_27' title='bbox 633 856 671 901; x_wconf 85' lang='lat' dir='ltr'>ex</span> <span class='ocrx_word' id='word_1_28' title='bbox 689 831 856 930; x_wconf 86' lang='lat' dir='ltr'>Colloquii</span> <span class='ocrx_word' id='word_1_29' title='bbox 874 828 950 901; x_wconf 90' lang='lat' dir='ltr'>nolltl</span> 
     </span>
     <span class='ocr_line' id='line_1_6' title="bbox 79 927 950 1034; baseline -0.009 -25"><span class='ocrx_word' id='word_1_30' title='bbox 79 936 87 953; x_wconf 84' lang='lat'><strong><em>‘</em></strong></span> <span class='ocrx_word' id='word_1_31' title='bbox 166 932 449 1034; x_wconf 81' lang='lat' dir='ltr'>fignificationibus</span> <span class='ocrx_word' id='word_1_32' title='bbox 469 931 658 1028; x_wconf 81' lang='lat' dir='ltr'>intelligetis.</span> <span class='ocrx_word' id='word_1_33' title='bbox 700 927 812 1014; x_wconf 78' lang='lat' dir='ltr'>losuita</span> <span class='ocrx_word' id='word_1_34' title='bbox 834 937 875 1013; x_wconf 75' lang='lat' dir='ltr'>ius</span> <span class='ocrx_word' id='word_1_35' title='bbox 895 953 950 1001; x_wconf 87' lang='lat' dir='ltr'>utut</span> 
     </span>
    </p>

    <p class='ocr_par' dir='ltr' id='par_1_3' title="bbox 113 957 951 3431">
     <span class='ocr_line' id='line_1_7' title="bbox 166 957 948 1132; baseline -0.008 -24"><span class='ocrx_word' id='word_1_36' title='bbox 166 1032 235 1108; x_wconf 83' lang='lat' dir='ltr'>fuas</span> <span class='ocrx_word' id='word_1_37' title='bbox 263 1035 474 1132; x_wconf 81' lang='lat' dir='ltr'>blasphemias</span> <span class='ocrx_word' id='word_1_38' title='bbox 493 1028 549 1103; x_wconf 88' lang='lat' dir='ltr'>sub</span> <span class='ocrx_word' id='word_1_39' title='bbox 566 1037 720 1130; x_wconf 86' lang='lat' dir='ltr'>Principis</span> <span class='ocrx_word' id='word_1_40' title='bbox 738 1031 848 1105; x_wconf 67' lang='lat' dir='ltr'>edicio</span> <span class='ocrx_word' id='word_1_41' title='bbox 867 957 948 1130; x_wconf 48' lang='grc' dir='ltr'>ἐπῆ(</span> 
     </span>
     <span class='ocr_line' id='line_1_8' title="bbox 167 1128 947 1230; baseline -0.01 -22"><span class='ocrx_word' id='word_1_42' title='bbox 167 1130 407 1208; x_wconf 68' lang='lat' dir='ltr'>commaculatis</span> <span class='ocrx_word' id='word_1_43' title='bbox 423 1132 544 1230; x_wconf 87' lang='lat' dir='ltr'>aliquot</span> <span class='ocrx_word' id='word_1_44' title='bbox 559 1130 699 1230; x_wconf 83' lang='lat' dir='ltr'>pagellis.</span> <span class='ocrx_word' id='word_1_45' title='bbox 761 1136 878 1205; x_wconf 82' lang='lat' dir='ltr'>Fratres</span> <span class='ocrx_word' id='word_1_46' title='bbox 890 1128 947 1203; x_wconf 85' lang='lat' dir='ltr'>Col·</span> 
     </span>
     <span class='ocr_line' id='line_1_9' title="bbox 167 1228 948 1336; baseline -0.009 -27"><span class='ocrx_word' id='word_1_47' title='bbox 167 1236 272 1336; x_wconf 89' lang='lat' dir='ltr'>loquii</span> <span class='ocrx_word' id='word_1_48' title='bbox 302 1233 392 1306; x_wconf 87' lang='lat' dir='ltr'>illam</span> <span class='ocrx_word' id='word_1_49' title='bbox 419 1239 606 1322; x_wconf 86' lang='lat' dir='ltr'>materiam,</span> <span class='ocrx_word' id='word_1_50' title='bbox 628 1228 799 1333; x_wconf 73' lang='lat' dir='ltr'>suppress&#39;o</span> <span class='ocrx_word' id='word_1_51' title='bbox 823 1236 948 1330; x_wconf 79' lang='lat' dir='ltr'>Principis</span> 
     </span>
     <span class='ocr_line' id='line_1_10' title="bbox 168 1329 948 1432; baseline -0.01 -21"><span class='ocrx_word' id='word_1_52' title='bbox 168 1342 316 1423; x_wconf 82' lang='lat' dir='ltr'>nomine,</span> <span class='ocrx_word' id='word_1_53' title='bbox 334 1329 496 1406; x_wconf 80' lang='lat' dir='ltr'>acriter&#39;in</span> <span class='ocrx_word' id='word_1_54' title='bbox 518 1333 679 1406; x_wconf 89' lang='lat' dir='ltr'>omnibus·</span> <span class='ocrx_word' id='word_1_55' title='bbox 694 1332 824 1432; x_wconf 86' lang='lat' dir='ltr'>templis</span> <span class='ocrx_word' id='word_1_56' title='bbox 845 1329 948 1404; x_wconf 69' lang='lat' dir='ltr'>hocin</span> 
     </span>
     <span class='ocr_line' id='line_1_11' title="bbox 167 1431 948 1532; baseline -0.008 -24"><span class='ocrx_word' id='word_1_57' title='bbox 167 1454 319 1529; x_wconf 81' lang='lat' dir='ltr'>taxarunt,</span> <span class='ocrx_word' id='word_1_58' title='bbox 336 1431 465 1508; x_wconf 62' lang='lat' dir='ltr'>deteClis</span> <span class='ocrx_word' id='word_1_59' title='bbox 485 1434 689 1532; x_wconf 85' lang='lat' dir='ltr'>blasphemiis</span> <span class='ocrx_word' id='word_1_60' title='bbox 713 1435 948 1522; x_wconf 65' lang='lat' dir='ltr'>incidians</span> 
     </span>
     <span class='ocr_line' id='line_1_12' title="bbox 113 1528 949 1636; baseline -0.004 -25"><span class='ocrx_word' id='word_1_61' title='bbox 113 1566 116 1573; x_wconf 87' lang='grc'><strong>’</strong></span> <span class='ocrx_word' id='word_1_62' title='bbox 167 1535 343 1611; x_wconf 80' lang='lat' dir='ltr'>mendaciis</span> <span class='ocrx_word' id='word_1_63' title='bbox 357 1547 469 1608; x_wconf 72' lang='lat' dir='ltr'>cottila</span> <span class='ocrx_word' id='word_1_64' title='bbox 487 1530 631 1636; x_wconf 85' lang='lat' dir='ltr'>spiritum</span> <span class='ocrx_word' id='word_1_65' title='bbox 648 1540 794 1608; x_wconf 85' lang='lat' dir='ltr'>veritatis.</span> <span class='ocrx_word' id='word_1_66' title='bbox 842 1528 949 1608; x_wconf 80' lang='lat' dir='ltr'>Cancel-</span> 
     </span>
     <span class='ocr_line' id='line_1_13' title="bbox 167 1633 947 1736; baseline -0.006 -25"><span class='ocrx_word' id='word_1_67' title='bbox 167 1637 263 1712; x_wconf 86' lang='lat' dir='ltr'>latius</span> <span class='ocrx_word' id='word_1_68' title='bbox 277 1633 502 1734; x_wconf 82' lang='lat' dir='ltr'>Msnfingerus</span> <span class='ocrx_word' id='word_1_69' title='bbox 518 1661 619 1736; x_wconf 83' lang='lat' dir='ltr'>nuper</span> <span class='ocrx_word' id='word_1_70' title='bbox 633 1638 686 1709; x_wconf 87' lang='lat' dir='ltr'>hic</span> <span class='ocrx_word' id='word_1_71' title='bbox 708 1635 776 1724; x_wconf 84' lang='lat' dir='ltr'>luit,</span> <span class='ocrx_word' id='word_1_72' title='bbox 792 1656 825 1708; x_wconf 85' lang='lat' dir='ltr'>et</span> <span class='ocrx_word' id='word_1_73' title='bbox 839 1635 947 1733; x_wconf 86' lang='lat' dir='ltr'>diliger·</span> 
     </span>
     <span class='ocr_line' id='line_1_14' title="bbox 166 1736 949 1836; baseline -0.004 -25"><span class='ocrx_word' id='word_1_74' title='bbox 166 1757 215 1811; x_wconf 84' lang='lat' dir='ltr'>ter</span> <span class='ocrx_word' id='word_1_75' title='bbox 231 1765 269 1810; x_wconf 84' lang='lat' dir='ltr'>ex</span> <span class='ocrx_word' id='word_1_76' title='bbox 283 1764 336 1809; x_wconf 84' lang='lat' dir='ltr'>mc</span> <span class='ocrx_word' id='word_1_77' title='bbox 350 1738 573 1836; x_wconf 80' lang='lat' dir='ltr'>percuntlatus</span> <span class='ocrx_word' id='word_1_78' title='bbox 589 1736 644 1825; x_wconf 88' lang='lat' dir='ltr'>ell,</span> <span class='ocrx_word' id='word_1_79' title='bbox 662 1756 768 1810; x_wconf 83' lang='lat' dir='ltr'>utrum</span> <span class='ocrx_word' id='word_1_80' title='bbox 789 1758 861 1810; x_wconf 86' lang='lat' dir='ltr'>tuae</span> <span class='ocrx_word' id='word_1_81' title='bbox 883 1757 949 1808; x_wconf 67' lang='lat' dir='ltr'>reus</span> 
     </span>
     <span class='ocr_line' id='line_1_15' title="bbox 161 1835 950 1937; baseline -0.003 -25"><span class='ocrx_word' id='word_1_82' title='bbox 161 1839 289 1929; x_wconf 73' lang='lat' dir='ltr'>rendae</span> <span class='ocrx_word' id='word_1_83' title='bbox 318 1838 466 1937; x_wconf 75' lang='lat' dir='ltr'>dignitati</span> <span class='ocrx_word' id='word_1_84' title='bbox 485 1835 624 1911; x_wconf 84' lang='lat' dir='ltr'>fideliter</span> <span class='ocrx_word' id='word_1_85' title='bbox 645 1835 703 1913; x_wconf 89' lang='lat' dir='ltr'>suo</span> <span class='ocrx_word' id='word_1_86' title='bbox 720 1844 857 1933; x_wconf 77' lang='lat' dir='ltr'>nomine</span> <span class='ocrx_word' id='word_1_87' title='bbox 878 1836 950 1937; x_wconf 78' lang='lat' dir='ltr'>figm&#39;·</span> 
     </span>
     <span class='ocr_line' id='line_1_16' title="bbox 160 1930 950 2041; baseline -0.008 -25"><span class='ocrx_word' id='word_1_88' title='bbox 160 1930 335 2038; x_wconf 71' lang='lat' dir='ltr'>illcauerim</span> <span class='ocrx_word' id='word_1_89' title='bbox 364 1967 411 2027; x_wconf 90' lang='lat' dir='ltr'>ea,</span> <span class='ocrx_word' id='word_1_90' title='bbox 435 1932 516 2039; x_wconf 82' lang='lat' dir='ltr'>quae</span> <span class='ocrx_word' id='word_1_91' title='bbox 540 1936 706 2012; x_wconf 82' lang='lat' dir='ltr'>certiffima</span> <span class='ocrx_word' id='word_1_92' title='bbox 721 1940 767 2011; x_wconf 90' lang='lat' dir='ltr'>T.</span> <span class='ocrx_word' id='word_1_93' title='bbox 782 1942 824 2012; x_wconf 89' lang='lat' dir='ltr'>D.</span> <span class='ocrx_word' id='word_1_94' title='bbox 843 1965 897 2041; x_wconf 87' lang='lat' dir='ltr'>per</span> <span class='ocrx_word' id='word_1_95' title='bbox 912 1957 950 2010; x_wconf 81' lang='lat' dir='ltr'>nt</span> 
     </span>
     <span class='ocr_line' id='line_1_17' title="bbox 161 2035 951 2140; baseline 0.003 -28"><span class='ocrx_word' id='word_1_96' title='bbox 161 2040 423 2140; x_wconf 78' lang='lat' dir='ltr'>probaresoluit.</span> <span class='ocrx_word' id='word_1_97' title='bbox 452 2045 493 2114; x_wconf 85' lang='lat' dir='ltr'>Et</span> <span class='ocrx_word' id='word_1_98' title='bbox 508 2035 951 2138; x_wconf 71' lang='lat' dir='ltr'>cumcognouiffet,luismttt</span> 
     </span>
     <span class='ocr_line' id='line_1_18' title="bbox 164 2134 951 2236; baseline 0.003 -26"><span class='ocrx_word' id='word_1_99' title='bbox 164 2137 248 2234; x_wconf 76' lang='lat' dir='ltr'>‚datis</span> <span class='ocrx_word' id='word_1_100' title='bbox 261 2138 449 2236; x_wconf 68' lang='lat' dir='ltr'>latislallum</span> <span class='ocrx_word' id='word_1_101' title='bbox 472 2134 546 2236; x_wconf 79' lang='lat' dir='ltr'>effe,</span> <span class='ocrx_word' id='word_1_102' title='bbox 565 2141 695 2215; x_wconf 82' lang='lat' dir='ltr'>tandem</span> <span class='ocrx_word' id='word_1_103' title='bbox 719 2139 859 2216; x_wconf 86' lang='lat' dir='ltr'>dicebat:</span> <span class='ocrx_word' id='word_1_104' title='bbox 887 2137 951 2212; x_wconf 69' lang='lat' dir='ltr'>beia</span> 
     </span>
     <span class='ocr_line' id='line_1_19' title="bbox 160 2219 951 2343; baseline -0.001 -27"><span class='ocrx_word' id='word_1_105' title='bbox 160 2219 202 2316; x_wconf 63' lang='lat' dir='ltr'>le</span> <span class='ocrx_word' id='word_1_106' title='bbox 217 2231 267 2315; x_wconf 70' lang='lat' dir='ltr'>res</span> <span class='ocrx_word' id='word_1_107' title='bbox 281 2223 385 2315; x_wconf 78' lang='lat' dir='ltr'>halet.</span> <span class='ocrx_word' id='word_1_108' title='bbox 433 2225 531 2315; x_wconf 70' lang='lat' dir='ltr'>Plane</span> <span class='ocrx_word' id='word_1_109' title='bbox 555 2248 644 2315; x_wconf 87' lang='lat' dir='ltr'>enim</span> <span class='ocrx_word' id='word_1_110' title='bbox 664 2245 746 2316; x_wconf 89' lang='lat' dir='ltr'>mihi</span> <span class='ocrx_word' id='word_1_111' title='bbox 769 2234 951 2343; x_wconf 72' lang='lat' dir='ltr'>hocpetsm·</span> 
     </span>
     <span class='ocr_line' id='line_1_20' title="bbox 161 2338 951 2448; baseline -0.005 -32"><span class='ocrx_word' id='word_1_112' title='bbox 161 2340 247 2436; x_wconf 59' lang='lat' dir='ltr'>⁸deo,</span> <span class='ocrx_word' id='word_1_113' title='bbox 254 2351 358 2418; x_wconf 87' lang='lat' dir='ltr'>uirum</span> <span class='ocrx_word' id='word_1_114' title='bbox 369 2341 458 2426; x_wconf 83' lang='lat' dir='ltr'>illum</span> <span class='ocrx_word' id='word_1_115' title='bbox 469 2349 646 2448; x_wconf 84' lang='lat' dir='ltr'>egregium,</span> <span class='ocrx_word' id='word_1_116' title='bbox 654 2368 757 2443; x_wconf 85' lang='lat' dir='ltr'>exque</span> <span class='ocrx_word' id='word_1_117' title='bbox 774 2338 951 2443; x_wconf 84' lang='lat' dir='ltr'>diligentilt·</span> 
     </span>
     <span class='ocr_line' id='line_1_21' title="bbox 163 2439 951 2543; baseline -0.005 -25"><span class='ocrx_word' id='word_1_118' title='bbox 163 2445 282 2542; x_wconf 34' lang='lat' dir='ltr'>,ctione</span> <span class='ocrx_word' id='word_1_119' title='bbox 299 2450 486 2543; x_wconf 86' lang='lat' dir='ltr'>antiquitatis</span> <span class='ocrx_word' id='word_1_120' title='bbox 501 2445 622 2518; x_wconf 88' lang='lat' dir='ltr'>clarum</span> <span class='ocrx_word' id='word_1_121' title='bbox 637 2443 678 2517; x_wconf 89' lang='lat' dir='ltr'>ad</span> <span class='ocrx_word' id='word_1_122' title='bbox 695 2470 757 2517; x_wconf 87' lang='lat' dir='ltr'>not</span> <span class='ocrx_word' id='word_1_123' title='bbox 772 2439 951 2522; x_wconf 77' lang='lat' dir='ltr'>reuersurum</span> 
     </span>
     <span class='ocr_line' id='line_1_22' title="bbox 160 2539 951 2645; baseline -0.004 -27"><span class='ocrx_word' id='word_1_124' title='bbox 160 2539 243 2638; x_wconf 55' lang='lat' dir='ltr'>fille,</span> <span class='ocrx_word' id='word_1_125' title='bbox 260 2544 482 2643; x_wconf 80' lang='lat' dir='ltr'>luotempote</span> <span class='ocrx_word' id='word_1_126' title='bbox 499 2547 581 2618; x_wconf 84' lang='lat' dir='ltr'>bene</span> <span class='ocrx_word' id='word_1_127' title='bbox 597 2542 751 2619; x_wconf 71' lang='lat' dir='ltr'>consectis</span> <span class='ocrx_word' id='word_1_128' title='bbox 766 2546 812 2620; x_wconf 90' lang='lat' dir='ltr'>ibi</span> <span class='ocrx_word' id='word_1_129' title='bbox 825 2547 951 2645; x_wconf 75' lang='lat' dir='ltr'>negotiis,</span> 
     </span>
     <span class='ocr_line' id='line_1_23' title="bbox 169 2640 951 2746; baseline -0.001 -28"><span class='ocrx_word' id='word_1_130' title='bbox 169 2643 258 2745; x_wconf 87' lang='lat' dir='ltr'>quod</span> <span class='ocrx_word' id='word_1_131' title='bbox 295 2643 369 2719; x_wconf 82' lang='lat' dir='ltr'>faxit</span> <span class='ocrx_word' id='word_1_132' title='bbox 393 2643 632 2746; x_wconf 84' lang='lat' dir='ltr'>benigniffimus</span> <span class='ocrx_word' id='word_1_133' title='bbox 652 2648 752 2720; x_wconf 87' lang='lat' dir='ltr'>Deus.</span> <span class='ocrx_word' id='word_1_134' title='bbox 817 2640 951 2719; x_wconf 77' lang='lat' dir='ltr'>Tandem</span> 
     </span>
     <span class='ocr_line' id='line_1_24' title="bbox 169 2745 951 2854; baseline 0.001 -38"><span class='ocrx_word' id='word_1_135' title='bbox 169 2773 302 2854; x_wconf 88' lang='lat' dir='ltr'>quoque</span> <span class='ocrx_word' id='word_1_136' title='bbox 317 2747 603 2820; x_wconf 86' lang='lat' dir='ltr'>mihiconctedidit</span> <span class='ocrx_word' id='word_1_137' title='bbox 620 2745 701 2820; x_wconf 88' lang='lat' dir='ltr'>duos</span> <span class='ocrx_word' id='word_1_138' title='bbox 714 2753 877 2837; x_wconf 83' lang='lat' dir='ltr'>tomos,in</span> <span class='ocrx_word' id='word_1_139' title='bbox 889 2767 951 2847; x_wconf 89' lang='lat' dir='ltr'>quot</span> 
     </span>
     <span class='ocr_line' id='line_1_25' title="bbox 167 2839 951 2946; baseline 0.001 -29"><span class='ocrx_word' id='word_1_140' title='bbox 167 2859 334 2946; x_wconf 86' lang='lat' dir='ltr'>tamquam</span> <span class='ocrx_word' id='word_1_141' title='bbox 352 2853 386 2921; x_wconf 87' lang='lat' dir='ltr'>in</span> <span class='ocrx_word' id='word_1_142' title='bbox 410 2846 506 2920; x_wconf 92' lang='lat' dir='ltr'>diaria</span> <span class='ocrx_word' id='word_1_143' title='bbox 529 2848 660 2942; x_wconf 79' lang='lat' dir='ltr'>Salzbur</span> <span class='ocrx_word' id='word_1_144' title='bbox 684 2849 765 2921; x_wconf 86' lang='lat' dir='ltr'>enfis</span> <span class='ocrx_word' id='word_1_145' title='bbox 783 2839 951 2923; x_wconf 74' lang='lat' dir='ltr'>Secrs&#39;tariut</span> 
     </span>
     <span class='ocr_line' id='line_1_26' title="bbox 167 2873 951 3049; baseline 0.001 -29"><span class='ocrx_word' id='word_1_146' title='bbox 167 2946 298 3046; x_wconf 82' lang='lat' dir='ltr'>collegit</span> <span class='ocrx_word' id='word_1_147' title='bbox 311 2947 451 3049; x_wconf 77' lang='lat' dir='ltr'>singulos</span> <span class='ocrx_word' id='word_1_148' title='bbox 467 2951 555 3023; x_wconf 68' lang='lat' dir='ltr'>allus</span> <span class='ocrx_word' id='word_1_149' title='bbox 566 2873 710 3022; x_wconf 53' lang='lat' dir='ltr'>cum&#39;ffiis</span> <span class='ocrx_word' id='word_1_150' title='bbox 725 2949 951 3034; x_wconf 83' lang='lat' dir='ltr'>circumflantilt.</span> 
     </span>
     <span class='ocr_line' id='line_1_27' title="bbox 162 3048 951 3150; baseline -0.005 -26"><span class='ocrx_word' id='word_1_151' title='bbox 162 3068 200 3124; x_wconf 75' lang='lat' dir='ltr'>,et</span> <span class='ocrx_word' id='word_1_152' title='bbox 218 3051 338 3149; x_wconf 89' lang='lat' dir='ltr'>aliquot</span> <span class='ocrx_word' id='word_1_153' title='bbox 355 3052 556 3125; x_wconf 86' lang='lat' dir='ltr'>orationibus</span> <span class='ocrx_word' id='word_1_154' title='bbox 571 3078 607 3122; x_wconf 94' lang='lat' dir='ltr'>ac</span> <span class='ocrx_word' id='word_1_155' title='bbox 621 3048 883 3150; x_wconf 81' lang='lat' dir='ltr'>disputationibus</span> <span class='ocrx_word' id='word_1_156' title='bbox 892 3050 951 3122; x_wconf 87' lang='lat' dir='ltr'>Tri·</span> 
     </span>
     <span class='ocr_line' id='line_1_28' title="bbox 166 3147 951 3253; baseline -0.005 -28"><span class='ocrx_word' id='word_1_157' title='bbox 166 3147 290 3226; x_wconf 79' lang='lat' dir='ltr'>clentini</span> <span class='ocrx_word' id='word_1_158' title='bbox 306 3153 445 3240; x_wconf 88' lang='lat' dir='ltr'>concilii,</span> <span class='ocrx_word' id='word_1_159' title='bbox 461 3178 543 3253; x_wconf 90' lang='lat' dir='ltr'>quos</span> <span class='ocrx_word' id='word_1_160' title='bbox 561 3178 647 3224; x_wconf 91' lang='lat' dir='ltr'>nunc</span> <span class='ocrx_word' id='word_1_161' title='bbox 664 3178 739 3250; x_wconf 83' lang='lat' dir='ltr'>prae</span> <span class='ocrx_word' id='word_1_162' title='bbox 755 3156 897 3225; x_wconf 89' lang='lat' dir='ltr'>manibus</span> <span class='ocrx_word' id='word_1_163' title='bbox 910 3151 951 3221; x_wconf 86' lang='lat' dir='ltr'>hr-</span> 
     </span>
     <span class='ocr_line' id='line_1_29' title="bbox 163 3250 951 3431; baseline 0.004 -106"><span class='ocrx_word' id='word_1_164' title='bbox 163 3251 239 3343; x_wconf 88' lang='lat' dir='ltr'>beo,</span> <span class='ocrx_word' id='word_1_165' title='bbox 257 3252 467 3329; x_wconf 79' lang='lat' dir='ltr'>euoluendos.</span> <span class='ocrx_word' id='word_1_166' title='bbox 484 3250 951 3431; x_wconf 56' lang='lat' dir='ltr'>&#39;AnttverpiaeCaluinillaq-gt</span> 
     </span>
    </p>
   </div>
   <div class='ocr_carea' id='block_1_3' title="bbox 0 0 1135 3900">
    <p class='ocr_par' dir='ltr' id='par_1_4' title="bbox 0 0 1135 3900">
     <span class='ocr_line' id='line_1_30' title="bbox 0 0 1135 3900; baseline 0 0"><span class='ocrx_word' id='word_1_167' title='bbox 0 0 1135 3900; x_wconf 95' lang='lat' dir='ltr'> </span> 
     </span>
    </p>
   </div>
  </div>
 </body>
</html>
