2259 3900
178 361 253 449 446
315 406 319 413 .
403 346 458 419 11.
483 344 541 416 Da
554 346 654 418 tibris-
669 349 768 420 nous.

177 566 252 615 rum
271 539 482 619 nimietatem,
502 526 661 605 solutioni
675 532 883 620 famulantem,
896 528 959 607 ablu·

179 664 259 727 mat,
274 643 352 735 quin
370 656 401 707 et
417 654 552 732 partem,
561 632 604 705 ad
620 636 754 709 illorum
773 631 962 709 sumnonem

177 738 382 840 requilitatn,
401 741 550 832 arripiat,
574 761 658 833 quae
677 740 831 834 copulata
846 764 910 809 cum
925 763 963 808 et·
997 824 998 829 ἵ

180 842 275 926 dem,
310 841 484 908 committit
499 837 668 929 particulas
691 843 802 935 igneas
820 836 964 911 reeontliu
997 836 999 859 ³

178 939 353 1018 metallicae
367 936 453 1009 calci.
502 938 584 1009 Salia
600 935 738 1035 quidem
754 940 965 1013 atnmoniaetlit

178 1047 302 1144 potiori
315 1044 347 1110 vi
355 1059 453 1136 agunt
462 1045 497 1109 in
505 1038 643 1127 metalla,
655 1038 702 1109 ob
715 1048 873 1114 maiorem
886 1046 966 1139 ignat·

178 1171 252 1219 rum
263 1146 401 1239 partium
416 1144 555 1237 copiam.
608 1138 704 1238 Qae
720 1169 799 1214 vero
817 1148 918 1217 omnia
931 1164 966 1213 et·

178 1246 293 1344 ‚emplis
306 1240 469 1329 adductis,
490 1259 522 1310 et
539 1237 665 1311 calculo
684 1236 851 1333 subiectis,
870 1248 966 1343 optiut

176 1346 423 1419 confirmantur.
480 1345 661 1437 Argentum
678 1345 875 1417 vitriolatum
897 1344 965 1415 aba.

176 1449 308 1521 mnibus
322 1438 436 1514 salibus
453 1438 800 1519 muriaticisdeiicitur:
825 1447 965 1546 plumbum

176 1555 327 1623 ultratum
348 1572 366 1614 a
381 1540 493 1615 salibus
508 1537 635 1614 nitrosis
653 1540 905 1641 etuiuiolatiget
915 1568 966 1617 aot·

175 1676 286 1732 neum,
309 1673 325 1715 a
340 1648 522 1730 vitriolatis;
555 1650 737 1719 mercurius
754 1654 892 1737 nitratus,
906 1650 965 1717 ati

175 1751 307 1823 triolatis
321 1772 350 1818 et
369 1751 547 1831 munatius,
562 1744 753 1834 vitriolutus,
769 1775 787 1818 a
806 1750 965 1833 muriatiein

175 1852 253 1935 [aliti
270 1848 407 1921 deietlio
418 1870 570 1948 apparens
587 1870 606 1915 a
621 1832 785 1920 vitriolico
804 1850 892 1925 acido
905 1873 965 1950 pen.

177 1954 231 2027 det
249 1952 353 2024 lulum
370 1951 408 2020 ab
425 1975 505 2065 aqua
526 1946 572 2018 illi
590 1969 722 2045 erepta,
744 1954 835 2026 etad
859 1951 966 2038 solutio·

173 2081 251 2138 nem
266 2079 353 2124 nunc
366 2048 583 2124 insufficiente.
607 2053 649 2098 ..t
675 2052 966 2150 Depraeciuitutt'utt

176 2158 366 2229 metallorum
392 2179 432 2224 cx
448 2157 564 2227 acidis.
588 2155 621 2220 vi
644 2153 779 2224 aliarum
800 2160 964 2228 usitatum

129 2294 135 2302 ·
174 2255 377 2350 quietiorem,
420 2259 478 2327 Via
495 2256 530 2322 in
544 2249 966 2351 hiscedilquilitiouihusmi

175 2345 235 2442 nui
262 2343 406 2451 expedita
430 2353 491 2440 ell,
521 2357 595 2451 quia
616 2377 689 2422 non
707 2349 817 2428 l'olum
836 2351 966 2458 phlogitli

175 2462 330 2560 quantitas
347 2462 383 2527 in
399 2461 514 2554 quouis
528 2451 659 2524 metallo
677 2464 871 2549 generatim,
885 2451 966 2528 ledet

173 2586 228 2648 ea,
249 2583 331 2658 quae
347 2583 365 2627 a
384 2563 499 2656 quouis
522 2555 614 2624 acido
633 2550 761 2626 diuersa
779 2565 903 2631 ratione
919 2553 965 2626 illit

104 2697 111 2722 π
170 2657 311 2758 eripitur,
334 2664 476 2731 numeris
491 2655 700 2752 exprimenda
719 2653 768 2730 fit.
819 2659 880 2734 Sed
893 2679 963 2758 pm·

168 2763 238 2834 tulit
253 2761 310 2832 cel.
326 2786 371 2830 itt
384 2784 481 2830 nuta
493 2781 549 2826 tto
568 2753 670 2827 tuem
687 2755 731 2828 ill.
748 2779 962 2834 nunaunt·

170 2888 230 2935 nv
242 2887 270 2948 s,
293 2866 348 2958 qui
366 2861 531 2933 relatiuam
554 2865 600 2948 (vt
616 2861 657 2926 ita
673 2857 813 2952 dicatu)
833 2855 961 2962 phlogill

168 2968 205 3036 in
220 2963 354 3035 metallis
375 2967 508 3059 copiam
525 2957 752 3056 inuelliganit3
775 2967 960 3062 quantiam

151 3065 213 3138 ·llli
230 3059 371 3136 absoluta
392 3057 498 3135 solum
522 3064 672 3158 principii
686 3057 960 3136 inflammabilitiu

99 3175 102 3182 '
164 3173 262 3240 vnico
278 3162 409 3236 metallo
425 3165 590 3247 contenti,
614 3167 772 3262 quantitas
795 3155 958 3264 exputanda

163 3288 251 3362 etat.
274 3264 662 3370 itinerantium..
687 3261 858 3374 ΨΜ
872 3263 953 3376 itti

909 3355 951 3432 ut
