2259 3900
160 359 236 440 332
366 341 463 415 rrrr.
492 339 595 411 um
616 340 770 419 om

160 536 285 707 primur
302 531 384 602 inter
400 530 585 601 Germanos
598 507 787 625 ¹perieulum
804 527 879 616 feeit,
891 523 945 600 leri·

188 630 261 705 endi
277 626 317 702 de
335 633 401 731 hoe
419 653 539 726 genere
555 653 658 724 pure,
691 628 850 730 perspicue
862 652 950 801 roffi

162 734 324 836 pulariter.
375 736 492 829 Vtique
504 736 600 802 etiam
616 725 780 805 sermonis
798 737 890 830 patrii,
932 733 939 749 '

163 835 223 907 diu
246 832 329 904 olim
350 858 368 902 a
385 833 555 903 Germanis
574 831 734 930 negleeii,
760 831 911 920 eneolendi
925 855 951 901 ae

165 930 302 1009 limandi
323 929 581 1018 lludiostllimus,
616 952 668 1021 et,
696 928 952 1033 quemadmodum

166 1062 239 1113 non
256 1059 353 1132 pauca
372 1037 493 1131 ingenii
510 1055 739 1122 monumenta,
748 1060 828 1134 quae
843 1031 954 1107 florente

165 1155 269 1213 aetate
284 1130 436 1222 ediderat,
457 1131 642 1222 oflendunt,
665 1139 751 1208 inter
766 1141 885 1235 primos
897 1149 953 1218 eat,

166 1321 170 1327 ,
192 1243 224 1308 ui
242 1240 308 1315 lroe
333 1216 485 1331 lenione
506 1236 590 1309 bene
610 1254 642 1307 et
663 1236 855 1337 eloquenter
869 1230 954 1308 rtidi·

163 1264 316 1412 licerent.
337 1371 380 1387 ·-
423 1338 486 1408 Sed
504 1341 588 1409 vitae
608 1334 869 1410 laboriolrffimae
882 1339 954 1435 perti·

167 1444 271 1524 uncia,
286 1433 433 1536 adquam
448 1457 481 1508 et
498 1456 608 1509 natura
624 1456 656 1509 et
673 1434 742 1510 sore
758 1437 907 1539 quaedam
921 1432 955 1507 lr-
982 1512 999 1537 Ὗ

167 1540 332 1614 eliseum
353 1537 551 1636 compellere
568 1536 754 1628 videbatur,
780 1540 866 1612 firmi
883 1561 956 1635 vegr-
997 1574 999 1589 ι

166 1646 256 1740 tique
271 1643 419 1738 corporis
436 1647 517 1712 vires
535 1637 628 1738 fregit
648 1666 686 1711 ac
702 1635 872 1714 senedutit
887 1663 957 1738 pne·

166 1762 313 1818 maturae
330 1739 545 1814 incommoda
557 1739 767 1831 accelerauit3
792 1741 957 1842 quibuscum

170 1868 228 1944 per
242 1841 354 1922 decem¹
368 1837 434 1913 fere
451 1847 516 1915 iam
533 1855 636 1915 annos
655 1867 752 1941 aegre
771 1840 957 1940 confliilmn,

168 1943 310 2044 denique
327 1938 501 2044 suocubuit,
521 1948 692 2045 repentino
712 1942 845 2045 quidem
859 1937 959 2041 sangui·

168 2052 220 2121 nis
237 2049 364 2118 vomitu
380 2040 570 2133 suffocatur,
593 2050 645 2117 vix
659 2065 773 2118 tamen
788 2042 959 2145 persentiens
988 2045 990 2050 ’

169 2152 285 2229 mortio
299 2146 473 2232 horrores,
500 2143 632 2244 plaeide,
645 2166 679 2220 vt
697 2152 834 2237 vixerat,
860 2145 960 2219 obdor-

120 2259 123 2264 ’
167 2244 308 2324 minitd.
325 2249 363 2319 Χ.
379 2248 543 2320 octobris.
591 2242 817 2321 Efferebantur
831 2247 959 2345 reliquiar

169 2342 237 2426 eius
262 2345 366 2446 pridie
392 2349 609 2421 natalitiorum
625 2347 821 2433 ,academiae
846 2347 959 2431 nonne,

169 2438 253 2550 puae
270 2474 341 2520 non
353 2446 443 2544 facile
456 2468 523 2521 tam
541 2474 651 2521 carum
670 2471 766 2549 caput
786 2450 903 2524 extulit
930 2450 959 2517 llt

167 2556 259 2624 enim
275 2568 341 2621 erat
358 2555 470 2636 animo
493 2549 609 2623 sanein·
630 2574 661 2622 et
685 2547 839 2651 religioso
855 2570 960 2628 venera·

167 2650 258 2737 bilir,·
278 2652 482 2727 humanitate
504 2671 536 2725 et
560 2656 725 2724 comitate.
738 2652 898 2739 amabilis;
929 2652 958 2719 itt

169 2770 294 2826 amatur
308 2755 403 2824 etiam
421 2772 452 2824 et
467 2754 657 2841 honoratur,
687 2750 713 2824 st
730 2760 803 2853 quis
817 2772 956 2852 nmquam,

167 2851 211 2937 ab
231 2852 391 2924 omnibus.
417 2887 460 2905 -
486 2856 680 2928 Vberiorenr
695 2850 738 2926 de
754 2859 836 2943 vita,
861 2854 957 2926 meriti

167 2972 202 3050 et
225 2952 370 3024 moribus
398 2958 457 3025 riri
479 2960 698 3049 narrationem
722 2953 901 3029 academiae
914 2974 956 3024 no·

165 3058 258 3134 mine
276 3050 415 3128 editurur
432 3054 475 3128 eli
496 3055 541 3129 ill.
568 3076 936 3131 wanusuorrrve

217 3243 423 3360 &wglj'd‘ll
457 3267 528 3358 ¹.⁰·.
550 3268 825 3360 eunitarum
845 3229 954 3326 'vore

821 3334 952 3446 Μ
