2259 3900
189 296 457 461 Membreſsa
465 363 550 441 Ear.
567 359 649 437 Nasu
658 298 746 449 Esse
788 306 872 458 ἦ297

147 556 228 625 inter
252 553 427 625 canonicos
456 549 555 648 vulgo
583 547 733 637 resertur,
768 553 872 641 utitur,

129 681 166 726 un
183 654 386 752 apocrypho·
436 651 571 724 Obslare
583 671 693 724 tamen
708 654 784 724 huic
802 647 873 723 sen·

129 761 182 827 tiae
194 752 326 840 videtur,
354 748 443 850 quod
457 749 610 850 Iosephus
624 756 724 826 Ezrae
740 771 876 823 aetatem

129 879 269 951 :empora
281 857 411 940 Xerxis,
435 856 518 953 regis
533 849 709 941 Persarum,
734 846 876 924 incidisse

129 955 260 1042 tendat,
283 981 387 1053 quum
401 978 440 1030 ex
457 957 636 1052 apocryphi
649 953 722 1026 hbri
736 955 877 1025 audiori·

129 1091 131 1121 r
147 1073 303 1154 regnante
315 1057 485 1126 Artaxerxe
499 1056 666 1127 coloniam
681 1060 714 1125 in
730 1052 878 1127 Iudaeam

129 1161 246 1230 ‚uxerit
309 1155 372 1250 Sed
397 1152 481 1229 sorte
512 1179 637 1228 raucit.
660 1152 876 1253 respondebit,
946 1202 948 1206 -

129 1260 245 1356 sphum
260 1281 331 1326 non
345 1258 501 1330 Graecam
516 1260 696 1354 apocryphi
718 1258 787 1327 libri
807 1283 879 1326 uer·

129 1385 195 1434 tem
211 1352 397 1445 adhibuisse,
406 1353 461 1435 sed
476 1376 597 1433 textum
605 1357 879 1435 Hebraico-Chal·

129 1486 209 1543 rum,
220 1461 276 1555 qui
284 1483 409 1539 nomen
421 1469 659 1533 &nobismet
676 1455 879 1530 eodem-mo·

150 1557 191 1632 ac¹
201 1558 282 1643 iiber
295 1564 467 1631 eanonicus
482 1556 564 1647 sarit,
575 1556 778 1656 praeserebat,
787 1579 881 1656 atque

129 1664 292 1737 momine
316 1685 355 1730 ex
370 1654 497 1758 iosephi
512 1654 664 1747 sententis
679 1664 816 1731 Xerxem
834 1666 883 1728 in·

129 1766 219 1837 itari..
268 1763 451 1833 Artaxerxes
467 1759 536 1845 isie,
563 1787 631 1859 quo
650 1779 808 1858 regnante
817 1761 883 1830 Ne·

129 1869 196 1937 nias
218 1854 451 1959 Hierosolyma
475 1867 585 1962 petiit,
619 1864 745 1934 audiori
769 1857 882 1931 nosiro

131 1988 260 2038 axerxes
278 1969 476 2059 cognomine
497 1966 719 2060 Longimanus
741 1961 883 2035 habetur.

129 2088 166 2139 :at
182 2060 339 2148 tamensi
356 2069 635 2164 quishrtaxerxem
644 2069 679 2135 11.
694 2070 796 2163 priori
812 2060 885 2159 post

129 2175 215 2241 rium
225 2168 261 2235 11.
278 2160 496 2238 succedentem
513 2164 709 2255 intellexerit,
717 2168 805 2238 hunc
815 2160 887 2234 ido.

129 2297 146 2341 s
162 2271 358 2365 argumentis
376 2265 474 2337 reselli
495 2292 562 2337 non
588 2260 687 2363 posse.
746 2260 884 2360 losephi,

129 2375 193 2444 :in
218 2364 349 2438 hissoria
373 2364 532 2464 scriptoris
556 2369 695 2439 medacis
727 2385 759 2438 et
777 2368 886 2450 ieiuni,

129 2466 209 2543 seret
226 2473 431 2564 interpretem
447 2466 603 2553 nostrum,
624 2473 679 2567 qui
694 2486 802 2539 tamen
821 2459 888 2563 ipse

129 2598 197 2644 rum
213 2588 355 2640 accurate
373 2566 545 2665 iosephum
563 2564 713 2665 inspexit,
734 2594 832 2667 quum
848 2560 890 2637 ad

129 2676 167 2744 rh.
183 2675 250 2768 ihr.
266 2666 413 2753 affirmat,
424 2695 544 2740 annum
561 2672 733 2769 tricrstmum
749 2672 890 2765 quintum

129 2780 175 2872 gni
193 2775 301 2844 Xerxis
321 2766 489 2867 alosepho
511 2775 685 2868 memorari
702 2775 810 2868 Antiq.
823 2766 889 2842 iud.

133 2930 143 2963 ,
172 2898 200 2957 ς.
220 2898 249 2960 7.
299 2866 430 2942 Disertis
455 2877 541 2942 enim
564 2872 665 2942 verbis
690 2871 735 2943 ibi
757 2870 891 2968 legitur:

129 3001 244 3073 ’μπτον
259 3002 316 3047 aete
330 2997 456 3052 ἐικοςον
482 3001 558 3047 erue
581 2962 637 3061 ndat
655 2967 893 3057 sdaerheuextur

129 3074 207 3176 ιρξε.
256 3070 320 3144 Etsr
336 3071 453 3143 librum
468 3075 648 3144 Nehemiae
664 3077 786 3157 avito,
807 3075 894 3141 cuius

128 3172 148 3248 'e
170 3173 278 3260 sertur,
300 3169 513 3269 conscriptum
529 3194 639 3272 putat:
653 3222 655 3225 -
669 3191 778 3243 tamen
793 3174 895 3265 capita

130 3277 232 3351 iifl&
250 3278 289 3353 X
314 3273 354 3347 ab
377 3272 478 3348 aliena
506 3301 604 3347 manu
627 3269 818 3376 interpolata
833 3264 897 3442 ege

337 3429 362 3445 ,,
491 3378 570 3461 Τς
830 3394 851 3440 x
884 3386 898 3441 t
