2259 3900
156 336 243 466 ἦν(
367 350 462 443 11'11.
491 367 592 440 Noua
606 345 767 445 iiteraria.

168 556 261 644 inest,
283 540 532 630 drrlc'edinem'et
549 560 585 628 in
602 552 715 658 syrupi
731 554 872 630 sormam
886 555 964 655 redigi

169 655 296 759 putest3
322 663 387 756 qui,
407 659 653 729 >vehementiori
670 663 739 756 igni
758 657 917 758 expofitus,
932 657 967 730 su·

172 785 267 833 mum
290 757 556 832 inflammabilern
580 755 667 846 edit,
696 779 727 830 et
751 765 787 831 in
810 759 965 858 excipusutn

172 857 393 959 praepositum
409 857 570 931 transtillat
586 865 707 932 maiori
730 886 770 931 ex
784 881 881 959 parte,
900 857 966 931 haud

172 963 399 1049 immutatum,
431 957 583 1059 dulcique
608 959 717 1032 adhuc
733 956 847 1059 sapore
864 957 971 1059 praedi·-

174 1079 266 1148 tutn3
291 1059 387 1135 'astera
404 1085 484 1134 vero
498 1086 573 1160 pers
588 1066 623 1132 in
638 1063 751 1134 oleum
761 1065 898 1134 brunum
914 1074 966 1134 emi

111 1165 114 1170 ’
173 1167 432 1263 pyreumaticum
446 1181 596 1250 mutatur,
614 1160 722 1235 odore
738 1155 861 1260 spiritus
880 1165 967 1235 tartari
1008 1192 1009 1245 i

173 1256 405 1359 c'onspicuun13
430 1262 542 1335 resisio
558 1265 703 1336 carbone
717 1290 803 1352 raro,
830 1271 916 1336 omni
930 1269 966 1334 in·
1008 1260 1009 1271 ’

172 1366 386 1463 quinamento
411 1364 566 1463 plumbeo
591 1385 731 1467 experte.
747 1405 768 1446 ῃ
797 1364 966 1437 Idem-ueto

137 1552 140 1563 Ι
172 1463 280 1562 liquor
311 1463 426 1555 dulcis,
460 1463 701 1551 fermentationi
724 1463 813 1536 haud
838 1464 964 1550 idoneus,

169 1589 248 1638 curn
258 1562 382 1663 nitroso
392 1565 484 1638 acido
495 1562 616 1663 saepius
625 1564 838 1654 dessilsatus,in
848 1563 967 1661 sacnhns

171 1664 298 1739 acidum
314 1667 431 1739 transit.
441 1703 482 1717 -
494 1671 563 1741 Nec
580 1666 686 1766 dispar
700 1688 767 1739 erat
777 1670 966 1766 experimenti

170 1762 342 1853 successus,
366 1765 515 1841 sinleum
542 1769 707 1841 asinarum
722 1764 966 1856 adhibuerunt

167 1864 292 1970 sapone
309 1888 410 1959 antea,
435 1868 513 1958 acidi
530 1868 648 1943 vitriosi
670 1890 746 1975 ⁰p⁰3
770 1865 946 1968 separatum.

215 2080 330 2177 Qum
356 2104 395 2152 ex
412 2077 469 2151 cel.
495 2101 754 2174 interrant-re
775 2073 920 2151 sententia
931 2079 965 2169 (v.

169 2174 304 2255 sascicus.
325 2184 420 2253 xxn.
448 2180 595 2251 biblioth.
615 2180 771 2252 Orientas.
800 2200 831 2253 et
846 2186 962 2278 Exeget.

169 2308 204 2381 p.
221 2286 303 2372 πμ.)
329 2286 362 2351 in
395 2292 743 2380 taunucoruunr
774 2307 834 2352 nec
856 2286 963 2380 iniquus

168 2380 230 2457 sini
249 2408 307 2454 nec
326 2377 479 2453 insenius:
502 2378 616 2464 audeo,
632 2383 718 2452 haud
736 2377 835 2454 semes
852 2400 963 2479 rugatus

168 2483 209 2557 ab
224 2488 351 2567 amicis,
380 2488 475 2554 vitam
492 2479 676 2555 dosirinam
693 2507 869 2582 moresque
890 2486 964 2553 huiu

167 2588 238 2672 viri,
262 2608 360 2683 quem
377 2590 412 2653 in
434 2587 537 2654 critica
554 2585 647 2653 Sacra
662 2586 734 2654 Vet.
751 2586 843 2655 Tess.
862 2579 964 2654 ducem

165 2703 199 2757 et
215 2682 455 2781 antesignanum
482 2705 571 2779 grata
588 2682 791 2755 venerabitur
804 2682 963 2783 posteritas,

164 2791 272 2885 paucis
291 2782 509 2887 perstringere.
573 2784 639 2878 Qui
665 2788 763 2855 vitam
790 2786 980 2857 concinnari·

163 2911 238 2959 non
252 2881 342 2981 posse
360 2901 534 2970 antumant,
544 2880 603 2955 nifi
619 2881 685 2955 dies
694 2909 861 2984 annusque
874 2888 965 2959 cuius·

161 2997 290 3083 cunque
316 3003 449 3059 euentus
482 3003 626 3056 accurate
662 2982 837 3084 indicetur:
883 2992 965 3058 mira·

163 3087 304 3172 buntur,
328 3112 383 3157 me
401 3083 442 3158 de
459 3092 521 3157 vita
538 3090 598 3157 viri
619 3085 767 3157 aelurum
786 3080 866 3176 effe,
889 3092 966 3160 cuiue

162 3186 232 3261 dies
249 3186 359 3259 natalis
376 3191 457 3258 mihi
475 3213 547 3260 nnn
566 3191 667 3283 magis
682 3184 818 3276 conssat,
837 3183 967 3275 audiet,

160 3311 230 3386 quo
252 3289 342 3362 obiit.
398 3290 513 3358 Narrat
529 3292 649 3357 amicus
665 3286 874 3385 Angsicanua,
894 3294 966 3361 ciret

161 3385 309 3461 medium
328 3384 445 3463 utensis
456 3387 593 3491 Augusti
602 3388 698 3463 huius
711 3392 803 3482 anni,
818 3413 967 3465 xauur·

169 3531 173 3535 '
866 3512 967 3568 ΕΝ·
