2259 3900
159 396 239 492 '4³⁸
395 394 451 466 11.
477 393 643 467 uetera
658 374 772 470 mnu:

163 582 287 670 ficeret,
302 580 368 655 stuc
384 578 418 654 id
440 578 595 656 accideret
614 609 725 656 rerum
738 577 804 682 ipsa
817 583 946 679 grauitate,

167 709 246 783 quas
261 687 407 756 tradiauit
422 680 567 782 scriptor,
589 703 622 756 et
639 689 807 770 orationis,
827 678 881 780 qua
897 674 949 748 slus

167 784 224 872 eli,
240 785 336 871 cultu,
352 783 417 858 fiue
431 783 523 884 quod
541 791 656 857 animo
674 780 886 856 obuersaretur
900 796 952 877 pet·

167 905 267 986 petua
282 882 457 984 personae,
480 912 579 986 quam
595 893 644 958 vir
660 881 802 972 sullinet,
819 884 953 980 cogitatio,

161 1005 202 1089 ‚et
217 993 361 1074 eximiae,
380 1014 478 1086 quam
493 990 621 1085 probat,
642 983 683 1059 dc
701 987 796 1059 rebus
812 1011 830 1055 a
846 985 953 1083 proptio

169 1084 230 1173 tibi
246 1085 350 1160 sludio
361 1089 469 1161 alienis
485 1091 566 1160 bene
579 1081 751 1162 differendi
767 1083 906 1159 facultatis
918 1075 955 1151 td
980 1096 982 1103 '

166 1193 312 1265 miratio.
361 1189 571 1289 Quamquam
586 1189 667 1261 haec
682 1214 725 1260 eo
745 1213 816 1259 non
832 1185 956 1269 valuittt
986 1188 987 1197 ’

170 1315 277 1363 coeco
297 1283 416 1363 assensu
433 1291 646 1389 probaremus
664 1292 789 1362 omnia.
828 1285 876 1361 Ell
891 1286 956 1354 enin
984 1288 988 1301 '

169 1388 349 1476 interdum,
365 1392 417 1462 vbi
433 1390 482 1464 vel
496 1417 566 1463 non
582 1385 726 1462 satisfacit
737 1384 871 1486 scriptor
883 1378 958 1456 susce·

169 1493 233 1592 pto
251 1495 389 1580 muneri,
407 1491 457 1564 vel
478 1487 646 1585 sententias
661 1485 755 1564 affert
769 1495 872 1563 minus
884 1506 958 1569 vetat,

172 1612 228 1666 aut
248 1613 333 1665 certe
355 1619 426 1664 non
447 1590 518 1664 satis
539 1587 772 1691 circumsp'edle
796 1611 828 1662 et
850 1577 958 1688 praecise

165 1694 318 1792 'exponit
347 1697 384 1764 ln
401 1699 515 1790 primis
530 1690 835 1767 verodesrdetamus
849 1707 959 1787 aequam

170 1793 422 1872 meditationum
444 1797 669 1894 plerarumque
697 1797 843 1892 grauitati
864 1790 961 1863 uberte·

173 1915 254 1983 tem,
271 1892 363 1993 lacpe
381 1914 412 1968 et
427 1915 571 1970 accurate
588 1892 776 1981 definiendi,
796 1891 961 1992 dillingucn·

173 1995 209 2071 di
232 2023 273 2070 ue
299 1995 454 2087 studium,
496 2024 532 2069 ac
556 1996 700 2090 lucidam
722 1992 962 2093 dispositionem}

172 2025 231 2172 sed
252 2101 309 2169 has
334 2094 439 2170 deesse
460 2097 589 2172 vitttms
616 2096 887 2169 exercitationibus
909 2088 924 2161 s
936 2090 943 2108 ‘

172 2206 186 2274 l
210 2196 243 2271 se
266 2196 382 2269 audior
404 2225 474 2272 nnn
497 2196 664 2289 diffitetur,
691 2203 794 2297 iisque¹
818 2212 963 2295 propterea

172 2225 268 2376 iham
288 2303 488 2399 epigraphen
504 2298 626 2373 indidit.
676 2302 820 2371 Breuiter
838 2302 895 2369 iam
911 2313 965 2392 pet·

167 2398 360 2477 ‘o'enseamus
377 2419 568 2499 argumenta
584 2423 706 2473 earum.
766 2402 904 2493 L-Super
916 2386 966 2465 lide

167 2501 345 2606 populari,
373 2498 585 2600 philosophia
599 2501 785 2599 religionis,
813 2518 844 2570 et
857 2494 967 2568 dellint·

172 2609 267 2677 tionc
283 2596 387 2673 sacrae
402 2598 581 2702 scripntrae.
633 2606 670 2674 ll.
692 2603 744 2672 De
759 2598 913 2684 diuortio,
933 2588 967 2663 sc·

174 2704 322 2777 cundum
338 2702 457 2775 Chrisli
479 2700 677 2803 disciplinam
696 2696 850 2797 spedlato.
885 2702 968 2769 lncr-

201 2802 329 2876 licando
345 2802 421 2876 loco
438 2806 555 2878 Matth.
573 2805 656 2889 XIX,
672 2829 701 2891 7.
717 2822 742 2880 8.
762 2797 969 2873 attendendum

170 2830 354 3001 diligentius
381 2924 448 2977 erat
468 2902 508 2978 ad
525 2910 591 2977 vim
612 2904 788 2977 verborum
809 2899 866 2976 fibi
883 2919 970 2998 oppo-

172 3004 331 3079 sitorum:
358 3007 461 3101 Mtffes
474 3008 561 3101 iufflt,
577 3026 606 3078 et
617 3032 625 3078 ε
636 2997 971 3103 Mofrrpermfititem·

93 3193 97 3204 ,
174 3129 240 3210 quc
257 3104 298 3179 ad
313 3127 541 3205 argumentum
568 3103 729 3180 achritto
752 3102 832 3176 inde
846 3103 973 3194 dodum,

166 3205 268 3307 ‘quod
284 3232 377 3279 vnum
393 3214 539 3281 moritum
562 3226 594 3279 et
607 3232 698 3278 onam
714 3211 872 3305 coniugem
889 3207 921 3273 in
935 3219 974 3271 rt·

163 3319 246 3418 'runt
269 3306 460 3413 primordiis
482 3310 571 3388 Deus
595 3309 767 3403 creauerit,
800 3303 892 3409 quod
905 3295 975 3478 silue

490 3435 493 3442 .
882 3428 904 3506 P
945 3422 976 3475 0·
