2259 3900
220 384 293 450 106
450 368 504 444 11.
530 342 585 442 De
603 368 692 442 tibris
706 370 807 444 mit.

214 558 432 633 Corinthiacis
449 557 601 654 operibus
628 553 695 627 fere
716 572 785 626 tota
810 549 888 627 effet
909 555 1035 647 referta,

187 742 196 755 ,
215 654 343 733 insanus
360 657 491 758 quidam
506 683 647 756 operum
658 660 860 728 Graecorum
871 658 1028 733 artificum

216 765 385 860 praecipue
400 755 549 831 vasorum
560 760 848 829 Corinthiacoruru
864 763 1023 845 atuotRo·

216 872 334 934 manos
351 879 487 957 ceperat.
536 861 702 952 Mancipia
719 882 758 930 ex
784 861 833 932 his
856 856 965 932 deletis
977 884 1020 931 rr·

215 959 307 1034 bibus
322 980 354 1033 et
373 966 465 1032 terris
483 963 627 1031 Romam
643 957 798 1046 dedu&
817 958 1032 1057 pelllrnau'uut¹

216 1069 332 1134 artium
352 1087 506 1159 magnam
518 1060 755 1132 multitudinem
764 1054 872 1132 secum
882 1063 1013 1149 tulerunt,

216 1163 330 1263 quibus
346 1161 482 1234 inllitutn
498 1165 647 1232 Romana
666 1166 815 1233 iuuentus
837 1161 912 1236 luxu
935 1184 1013 1263 atque

214 1268 343 1335 auaritia
358 1259 487 1362 prorsus
506 1262 745 1359 corripiebatur.
776 1267 878 1335 Erant
895 1264 1012 1362 quiden

214 1383 314 1437 aetate
330 1365 381 1435 illa
394 1361 518 1435 cordati
535 1364 661 1463 aliquot
676 1382 707 1432 et
723 1369 844 1462 antiqui
865 1372 1011 1452 nonninus

214 1471 356 1566 quitata
375 1463 556 1561 frugalitatis
581 1485 613 1536 et
633 1469 853 1535 continentiae
880 1465 1013 1566 exempla

213 1565 369 1651 ederent3
387 1561 440 1636 sed
458 1585 582 1637 tantum
602 1567 717 1651 aberat,
736 1584 769 1636 vt
786 1567 866 1636 baec
881 1565 1013 1664 exempla

213 1674 325 1766 magni
341 1662 439 1740 ell'ent
456 1667 618 1764 ponderis,
636 1685 669 1736 vt
683 1668 790 1763 potius
806 1667 896 1740 latius
910 1677 943 1740 in
957 1667 1012 1739 diet

213 1787 403 1865 vagarentur
419 1793 537 1866 prauae
550 1765 724 1864 cupidines.
761 1770 1012 1866 Magnificentius

212 1867 352 1943 {ludium
368 1867 441 1939 aluit
457 1869 587 1939 Attalica
601 1866 657 1936 illa
674 1869 860 1957 haereditas,
874 1893 906 1942 et
922 1870 1012 1971 splen·

210 1967 287 2041 dida
304 1966 443 2068 supellex
460 1995 496 2041 ac
512 1968 641 2042 diuitiae
649 1974 793 2042 Romam
811 1997 871 2069 per
884 1979 1011 2058 eamin-

210 2073 330 2145 uenae.
356 2078 477 2143 Verum
487 2069 699 2169 perniciosior
712 2077 808 2141 etism
818 2071 875 2143 suit
890 2072 1010 2173 reipubl

208 2177 324 2269 ingens
347 2171 401 2242 illa
429 2168 595 2244 seruorum
617 2177 722 2270 copia.
786 2176 910 2247 Diuites
932 2182 1010 2248 enirn

204 2297 306 2371 agros
323 2280 428 2370 potius
446 2276 505 2360 lris,
516 2298 613 2372 quarn
623 2277 771 2371 ingenuis
788 2274 948 2350 colendos
960 2298 1012 2350 tra·

211 2372 444 2472 detruncatque
460 2401 529 2472 quo
547 2381 649 2472 tnagis
663 2398 763 2471 opera
778 2371 947 2449 seruorum
956 2397 1012 2450 rte·

210 2495 332 2563 rentur,
351 2500 503 2572 magnam
519 2500 643 2572 partem
663 2478 836 2569 regionum
860 2506 1012 2579 expugne-

185 2594 316 2648 aarum
334 2573 389 2647 fibi
410 2576 583 2672 rapiebant,
602 2576 864 2675 pauperibusque,
880 2585 924 2651 vri
939 2588 1013 2682 quis·

210 2703 274 2776 que
292 2678 525 2774 potentioribus
542 2676 682 2747 confinis
702 2697 784 2765 erat,
809 2674 936 2755 sedibus
953 2682 1013 2781 pel-

207 2776 333 2849 lebant:
359 2803 419 2873 qun
433 2777 563 2874 quidem
580 2802 614 2848 re
629 2778 712 2847 ltalia
729 2781 849 2854 ciuibus
872 2787 1013 2881 ingenuit

147 2903 150 2910 ·
205 2879 273 2954 sere
288 2875 414 2977 prorsus
430 2877 602 2950 orbatrell.
626 2869 720 2950 Tum
740 2904 791 2953 rr.
809 2908 1014 2977 ornccrrut,

206 2980 378 3053 virbonus
400 3000 433 3050 et
463 2980 600 3075 probus,
624 2979 724 3077 plebis
749 2986 884 3082 querelis
908 2990 1015 3076 villus,

204 3078 324 3153 vindex
337 3078 449 3152 exstitit
467 3079 613 3151 libertatis
632 3085 765 3170 ciuium,
781 3104 811 3154 et
830 3083 1015 3162 iuraanriffa

205 3187 244 3257 lis
260 3177 392 3254 reddere
407 3202 539 3251 conatus
550 3178 611 3268 ell3
626 3177 764 3254 sedtum
782 3192 888 3259 nimio
903 3188 946 3263 fla
970 3215 1018 3266 ra.

202 3304 255 3366 set
270 3279 396 3373 ardore,
410 3286 635 3384 potentiorum
649 3281 769 3358 inuidia
783 3288 929 3365 emedio
945 3215 1020 3365 lub-

940 3391 1019 3467 latua
