2259 3900
177 392 252 477 ηε
404 384 460 458 11.
483 373 768 463 aaronem

175 574 212 646 in
231 595 348 671 magna
372 577 471 669 igitur
497 570 550 644 illa
572 568 756 644 sedulorum
781 565 960 672 interpreter

174 673 276 760 turha,
291 673 343 744 vhi
361 673 430 744 vilis
448 673 526 745 liber
540 691 571 743 et
583 673 712 760 inutilis,
731 671 824 772 quod
841 672 960 771 prosesl

173 771 269 870 saepe
285 773 332 860 ht,
341 793 462 849 temere
474 770 565 848 hretit
581 795 732 872 arreptus,
739 794 771 844 et
786 780 822 846 in
845 775 960 846 noslrn

173 870 363 949 sermonem
380 876 556 964 translatus,
572 871 713 947 excusate
733 872 960 974 quodammud

173 972 323 1053 ridentur
340 1000 472 1073 peccare
486 983 520 1066 ii,
535 1002 620 1076 quos
630 985 760 1071 penuria
788 981 824 1048 in
846 975 922 1047 illud
935 983 960 1074 pi

173 1075 506 1166 nunnamenster
521 1076 651 1176 angulla
666 1101 716 1150 rea
728 1081 830 1177 cogit,
846 1097 879 1150 vt
892 1079 960 1155 libra

173 1182 228 1252 riis
242 1175 275 1250 se
291 1175 447 1268 addicant,
468 1198 499 1252 et
520 1184 797 1250 mercenariorum
821 1182 959 1274 experire

172 1295 226 1351 tur
241 1273 372 1373 sortem,
388 1275 458 1353 satie
474 1278 622 1351 miseram
641 1276 730 1352 illam
745 1300 840 1379 atque
859 1276 960 1351 duran

172 1382 222 1455 Hi
242 1384 330 1453 euim
346 1376 521 1453 satisfecisse
539 1378 685 1453 videntur
703 1378 836 1468 officio,
858 1377 882 1451 fi
903 1405 960 1480 peu

172 1476 285 1568 suma
300 1480 429 1552 librario
442 1479 573 1569 datum,
596 1501 755 1580 atcunque
779 1477 960 1552 absolueriul

171 1605 250 1654 cum
269 1577 407 1655 deleslua
420 1582 591 1670 librorum,
605 1587 659 1682 qui
673 1579 886 1657 conuertendi
907 1579 960 1668 siut

171 1707 242 1757 non
261 1678 300 1755 fit
318 1679 461 1778 ipsorum
477 1686 608 1756 arbitrio
628 1683 764 1768 felitius,
778 1679 833 1755 sed
849 1711 866 1755 a
880 1702 960 1755 teme·

172 1787 263 1856 ritate
276 1806 307 1857 et
323 1790 585 1858 auaritia-uorum
608 1784 802 1870 instituatur,
827 1813 847 1857 a
867 1784 960 1884 quibu

169 1882 228 1981 ipsi
248 1877 319 1961 sunt
334 1883 497 1960 condusli.
546 1891 587 1961 ht
605 1886 688 1958 hanc
709 1891 857 1973 veniam,
880 1906 960 1984 quau

167 1982 259 2078 sacile
274 1983 386 2059 damur
402 1985 529 2068 misellis
544 1990 606 2062 illis
623 1991 787 2082 operariis,
805 2014 876 2060 non
889 1992 960 2058 inue-

165 2090 259 2160 niunt
274 2092 333 2157 uiri
350 2084 449 2179 dotti,
466 2097 519 2188 qui
547 2089 641 2160 illum
664 2084 808 2161 vertendi
831 2089 959 2163 laborem

166 2186 251 2260 ultro
267 2184 446 2287 suscipiunt,
467 2190 516 2263 vel
535 2184 702 2287 suscepisse
724 2188 827 2289 uideri
854 2187 958 2261 uolunt.

165 2288 217 2361 Ab
231 2290 279 2361 his
294 2294 381 2362 enim
395 2295 465 2362 iure
475 2290 618 2391 quodam
635 2290 750 2362 nollro
768 2289 957 2390 pollulamur.

166 2404 203 2463 vt
220 2397 402 2470 arcrrnnuttt
417 2393 575 2477 ittstt'tuant
592 2398 860 2464 cenomanorum
882 2395 958 2463 libro

166 2493 403 2571 camararium,
420 2519 480 2566 nec
497 2491 554 2574 nisi
577 2516 636 2565 eor
663 2518 765 2664 opera
790 2487 847 2565 sua
859 2490 959 2589 dignor

165 2588 354 2679 existiment,
370 2618 428 2689 per
466 2621 524 2667 uor
542 2592 613 2666 sieri
634 2618 681 2690 po
707 2613 730 2664 rt
749 2591 789 2665 ad
813 2618 892 2693 oper
916 2612 958 2689 pr-

164 2696 244 2764 triae
263 2694 342 2766 vtilis
358 2619 513 2791 quaeslam
529 2694 670 2767 accessio.
720 2695 801 2793 Qia
817 2700 904 2767 enirn
918 2713 960 2795 po·

163 2789 240 2878 scit,
263 2794 469 2890 quodetiam
495 2794 583 2893 apud
604 2818 746 2879 exteros,
771 2804 910 2874 maxime
929 2788 960 2864 de

164 2890 391 2993 philosophia,
421 2899 651 2994 protrudentur
677 2895 751 2968 libri
780 2903 897 2993 inepti,
920 2896 960 2993 qu

164 3017 227 3068 nec
240 2996 280 3067 ah
295 2995 498 3095 argumento,
519 3025 611 3069 neca
633 2994 802 3070 disserendi
824 3000 960 3099 quaereus

161 3092 260 3196 dique
279 3096 394 3184 modo,
419 3124 480 3170 nec
505 3124 522 3168 a
545 3098 695 3175 doslriua
719 3098 860 3199 aliquam
884 3125 960 3174 cote

160 3195 410 3273 mendationenr
428 3201 584 3273 habeant?
610 3206 685 3273 Hor
703 3227 783 3272 vero
804 3202 903 3274 nobie
918 3198 960 3276 eh

159 3296 244 3378 rudi
265 3305 437 3403 patiamrn,
452 3313 527 3377 'cum
542 3320 643 3388 tantur
661 3303 837 3389 habeamur
860 3295 928 3374 iam
944 3308 960 3375 i

879 3430 960 3484 ΟΝ
