2259 3900
159 397 209 467 aa
285 454 301 478 με
383 372 441 461 α’
463 383 629 482 usstass
650 387 752 461 nus.
833 350 835 354 ’

158 574 274 678 quibus
287 599 374 648 nunc
388 569 470 646 solet
486 572 600 646 talium
616 571 773 647 librorum
784 569 893 648 sermo
905 599 961 647 cor

162 696 273 774 ruptus
289 670 360 748 effe.
386 674 449 746 Sed
463 678 555 748 huius
571 677 617 746 rei
630 672 885 772 magnitudinem
896 703 963 747 nun

165 775 225 853 nifi
241 784 345 876 pauci,
370 801 515 875 quorum
540 770 676 874 dignitas
700 794 730 846 et
755 777 858 874 gloria
884 778 963 848 nobi

163 878 307 966 curacii,
328 884 442 952 animo
471 879 637 977 complexi
655 873 748 963 sunt3
774 879 906 978 plurimi
929 903 963 952 ru

165 978 313 1054 desiere
340 983 455 1052 harum
475 1003 584 1050 rerum
607 982 758 1050 omniurn
781 977 820 1049 ad
842 976 963 1052 scriben

166 1079 248 1156 dum
266 1079 431 1154 accedunt.
455 1080 563 1166 Quare
579 1075 760 1151 desinamus
772 1087 891 1170 mirari,
900 1107 962 1180 qua

165 1177 255 1257 causa
276 1179 314 1253 fit
326 1186 486 1282 paucitatis
500 1206 629 1261 eorum,
647 1205 730 1280 quos
745 1206 784 1253 ex
798 1184 865 1253 hoc
882 1208 963 1282 gene

169 1310 205 1358 re
221 1307 326 1384 aequo
342 1288 456 1355 animo
473 1280 591 1379 legere,
610 1301 642 1353 et
659 1284 894 1356 commendare
908 1291 963 1383 poi

169 1384 267 1460 fimus
283 1386 361 1474 aliis,
380 1409 456 1457 cum
470 1384 543 1454 talia
563 1379 718 1453 scribendi
740 1410 788 1454 ars
810 1410 829 1456 e
848 1383 963 1484 copioi

168 1486 349 1561 multarum
373 1510 482 1557 rerum
508 1489 699 1582 cognitione
718 1482 919 1582 efflorescat,
951 1515 964 1577 r

168 1613 324 1687 maguam
342 1592 480 1685 requirat
496 1588 618 1683 ingenii
637 1581 866 1660 dexteritatem.

217 1692 323 1762 Nobis
337 1691 418 1761 hacc
426 1682 596 1783 praefanda
609 1682 806 1775 videbantur,
815 1717 891 1761 cum
904 1716 964 1788 pau

168 1796 214 1864 cis
237 1790 378 1863 indicare
400 1780 667 1874 decreuiffemus,
690 1807 724 1859 et
748 1790 964 1878 commendap

168 1887 347 1968 leiimibus
371 1912 650 1971 susannam.
676 1889 849 1987 grauiffimi
876 1893 964 1991 phile

168 1989 277 2093 sophi,
295 2018 335 2067 ex
349 1996 417 2065 hoc
433 2015 551 2089 genere
577 1989 705 2076 librum,
731 1996 818 2064 cuius
841 1993 964 2068 indicet

168 2093 262 2195 supra
289 2090 465 2195 posuimus.
524 2092 674 2163 Solemus
694 2096 782 2163 enim
815 2093 889 2165 alias
913 2123 960 2169 no

168 2201 326 2295 attingere
341 2194 429 2268 illam
446 2191 626 2265 fabularum
644 2190 894 2284 multitudinem,
903 2224 964 2297 qua

170 2301 345 2397 quotannis
358 2291 565 2394 protruditur,
584 2292 674 2392 ¹quod
689 2293 916 2385 existimamus,
930 2324 964 2397 pa

170 2423 246 2472 rum
259 2424 370 2471 earum
384 2395 526 2468 ledione
540 2394 591 2466 vel
607 2392 647 2466 ad
662 2391 828 2470 doctrinae
842 2405 964 2496 copiari

173 2499 226 2572 vel
243 2497 284 2571 ad
303 2524 437 2572 morum
452 2496 728 2584 emendationem,
745 2495 796 2572 vel
810 2497 851 2570 ad
863 2508 964 2574 oratic

171 2606 223 2676 uia
248 2595 519 2674 commoditatem
545 2598 676 2696 profici.
728 2603 793 2673 Hic
816 2620 964 2674 autems

172 2725 408 2775 turannos
434 2697 514 2770 liber
528 2703 569 2768 ita
588 2722 793 2808 comparatus
804 2700 861 2787 est,
870 2722 904 2774 vt
914 2729 962 2774 no

170 2808 314 2904 potuerit
335 2795 439 2888 scribi,
455 2794 515 2871 nifi
533 2825 552 2870 a
569 2800 785 2897 philoiopho,
806 2827 916 2875 rerum
939 2802 964 2876 d

172 2907 323 2977 uinarum
341 2901 621 2999 humanarumque
644 2901 844 3001 peritiffimo.
895 2908 965 2977 Cor

172 3009 255 3080 tinet
269 3008 358 3076 enim
372 3026 422 3074 res
440 2999 655 3099 grauiffimas,
677 3027 811 3102 easque,
835 3002 965 3079 subtilitr

173 3102 309 3206 quidem
324 3119 355 3175 et
367 3120 519 3189 accurate,
541 3098 596 3175 sed
619 3108 800 3189 itatamen
819 3103 962 3206 expofita

172 3226 210 3282 ut
224 3205 275 3279 uel
293 3200 434 3278 feminae
456 3201 557 3302 paulo
581 3198 775 3278 sollertiores
800 3234 852 3283 eus
872 3208 963 3283 intell

172 3325 264 3413 gant,
277 3304 368 3383 ducii
381 3323 490 3381 cutem
507 3306 764 3407 cumflaoluptate
778 3306 965 3413 cognoscan

910 3414 965 3487 Or:
