2259 3900
205 400 335 520 1Ηενιὶιν
353 399 391 470 dt
409 401 497 493 Porſs
510 401 610 476 Heir.
631 402 721 474 Tota.
739 403 792 478 ΙΙ.
842 364 915 491 2l9

141 575 265 658 dicendus
283 586 329 674 lit,
355 601 588 686 praeceptaque
612 589 726 660 abillo
754 588 824 662 data
848 610 918 662 tum

141 686 314 758 ecclellallica
332 706 405 759 ttttn
433 690 538 760 ciuilia
555 691 785 762 Hebraeorum
804 697 919 761 carmi·

141 787 401 877 naiormauerint,
434 796 561 888 egregie
589 789 732 876 docetur,
758 787 916 863 Mosaicas

141 886 321 967 litllitutiones
343 918 418 961 cum
443 891 608 962 nonnullis
629 890 767 972 Psalmis,
797 899 854 988 qui
881 899 916 964 iis

141 991 298 1078 innituntur,
323 989 557 1090 comparando.
607 993 717 1088 Quum
745 996 916 1063 Drus'nu·

142 1094 209 1161 niue
227 1095 346 1164 lehoua
372 1098 405 1163 in
432 1087 586 1164 Mosaicis
608 1089 727 1187 scriptis
749 1091 915 1191 inlignitos

143 1213 276 1264 timente
304 1193 489 1290 legislatoris
514 1200 623 1265 vnicus
646 1191 700 1278 fir,
723 1217 848 1265 creator
864 1220 917 1265 or·

143 1287 176 1362 bis
187 1312 341 1379 terrarum,
352 1293 449 1365 llator
465 1314 496 1365 et
510 1297 624 1366 audior
643 1300 813 1365 omnium:
839 1297 920 1364 haee

144 1390 239 1490 aliaque
253 1391 393 1492 supremi
411 1400 552 1466 numinis
576 1397 720 1466 attributa
739 1401 772 1465 in
791 1392 920 1466 Psalmis

145 1486 275 1584 utuntur,
291 1493 361 1592 ipso
377 1517 548 1594 praeeunte
563 1494 662 1567 Mose
677 1501 710 1566 in
719 1490 845 1566 Psalmo
858 1523 917 1566 uo·

146 1592 280 1690 utgeluuo
294 1618 325 1669 et
339 1603 480 1669 maxime
496 1594 624 1668 sublimi
644 1617 675 1667 et
691 1593 917 1694 antiquiffimo.

147 1692 327 1781 lbeoctatia,
361 1725 458 1794 quam
486 1695 651 1788 Molaicae
673 1698 759 1794 leges
789 1694 917 1792 lpirant,

148 1815 194 1865 tm
210 1805 313 1870 miuus
325 1804 357 1868 in
376 1801 570 1871 carminibus
588 1795 766 1898 eonlpicna
783 1797 836 1868 ell.
869 1801 918 1868 Si·

147 1894 252 1971 mlacta
276 1903 339 1972 Dei
356 1917 389 1971 vt
404 1902 488 1999 leges
508 1928 525 1973 a
549 1895 649 1973 Mose
663 1901 743 1972 latae
757 1893 918 1998 respuunt,

149 1997 291 2095 lapariter
307 2003 458 2099 poemata
480 2008 626 2073 reiiciunt
642 2022 672 2073 et
696 2020 919 2074 contemnunt.

147 2092 239 2197 Magna
251 2099 427 2194 sacerdotes
451 2109 485 2173 in
500 2098 653 2175 Molaicis
675 2102 920 2173 institutionibus

147 2199 293 2291 gaudebant
313 2200 482 2300 dignitate,
518 2200 701 2302 praestantia
727 2223 758 2273 et
781 2206 927 2289 iuribtrs,;·

148 2302 200 2394 quin
214 2302 282 2401 ipsis
298 2304 488 2396 uestimentis
502 2303 659 2375 inferioris
676 2302 796 2375 ordinis
812 2306 922 2373 homi·
985 2352 988 2358 ,

147 2398 213 2474 nllus
228 2405 457 2501 praelucebant,
481 2402 638 2504 decusque
662 2424 693 2475 et
714 2400 923 2503 splendorem

146 2494 186 2571 fibi
201 2506 412 2580 conciliabant.
470 2507 579 2599 Quare
603 2532 641 2577 ex
670 2505 802 2591 illorum
826 2529 922 2574 orna-

149 2612 235 2676 mentis
250 2611 456 2703 metaphorae
465 2629 495 2678 et
503 2614 659 2690 imagines
678 2604 851 2703 laepiffime
865 2602 921 2676 de·

148 2693 291 2780 sumuntur.
318 2713 471 2781 Carmina
495 2690 696 2804 temporibus
719 2708 872 2793 lodicum,
895 2734 923 2781 e.

148 2805 293 2895 glothami
302 2806 414 2896 sabula,
425 2813 540 2902 hymni
548 2812 709 2893 Deborae,
719 2811 854 2878 Hannae
869 2836 922 2879 rx.

149 2900 271 2993 plicantur
293 2934 324 2981 et
344 2930 519 2983 vertuntur.
571 2906 633 2981 Sed
650 2909 749 3005 longe
765 2908 924 3006 praellan.

150 2999 234 3077 tilltma
247 3037 314 3108 pars
331 3019 426 3083 totius
445 3012 516 3083 libri
528 3039 563 3082 ea
580 3009 634 3096 cll,
642 3036 723 3108 quae
739 3014 772 3078 in
781 3006 925 3079 Psalmo·

152 3122 203 3173 nm
215 3119 399 3210 argumentis
415 3110 659 3198 delineandis,et
675 3111 856 3181 charailere
871 3135 925 3180 au.

154 3198 252 3283 llorum
268 3216 389 3284 horum
405 3220 586 3284 carminum
601 3205 810 3283 describendo
823 3205 925 3280 versa·

154 3311 197 3374 ¹¹¹¹·
237 3318 353 3388 Aureae
367 3312 436 3388 lunt
452 3315 592 3413 regulae,
608 3338 688 3413 quae
706 3311 879 3384 leiloribus
892 3324 925 3391 et

874 3436 926 3485 m·
