2259 3900
96 413 99 419 ·
205 370 252 449 ra
411 320 489 435 ³11ss
510 339 676 431 ‘urtam
689 362 790 435 maa.

88 625 92 632 ,
203 550 304 649 'quem
326 544 458 627 infinitis
486 564 517 620 et
547 544 709 619 laboribus
731 563 763 617 et
782 539 939 618 sumtibus
963 543 1024 620 fibi

203 653 406 746 comparauit
433 651 665 720 urs-nosse
702 650 806 719 Hunc
823 648 977 720 euoluere
990 669 1025 721 et

203 745 379 841 exscribere
398 751 639 846 perhumaniter
657 767 688 819 et
709 746 880 819 liberaliter
903 774 1024 822 conce·

203 849 298 942 debat
313 843 480 948 poll'ellor.
530 851 622 950 Qae
640 846 681 920 de
695 844 848 946 scripmra
859 850 1023 923 Hebraico

190 970 237 1026 et
252 956 450 1023 nominatim
466 977 513 1039 ea,
545 975 605 1049 qua
628 947 745 1021 librarii
764 946 900 1048 Hispani
929 969 1023 1024 utun·

201 1071 267 1141 tur,
279 1048 470 1138 obseruauit‚
488 1048 605 1122 scilicet
621 1051 852 1149 antiquioribus
867 1070 898 1122 et
910 1076 1026 1124 recens

150 1166 155 1179 '
203 1154 341 1228 tioribus
364 1151 565 1250 temporibus
589 1175 705 1251 parum
731 1151 780 1223 vel
805 1157 913 1250 potius
941 1150 1025 1226 nihil

203 1248 390 1352 discrepaffe
404 1278 436 1351 p.
445 1273 484 1336 38·
495 1279 546 1338 39:
571 1258 712 1324 omnino
724 1252 839 1326 eadem
854 1249 1025 1340 sunucum

77 1433 79 1438 ,
202 1359 251 1444 iis,
275 1380 356 1455 quae
383 1378 537 1447 uivus.
559 1352 600 1426 ad
625 1349 773 1424 codicem
797 1376 933 1425 erun,
962 1376 1023 1440 4333

202 1460 380 1542 accusauit,
401 1474 495 1553 atque
510 1463 585 1526 cuin
604 1452 663 1526 illis
686 1459 868 1553 comparari
891 1479 1039 1528 merent·

204 1574 267 1630 tur.
316 1556 530 1648 iibliothecae
546 1552 716 1627 Medireae
732 1555 913 1627 Florentiae
932 1557 1025 1630 codi-

196 1659 292 1737 cibus
319 1662 477 1755 primariis
507 1657 691 1743 Hebraicis,
713 1659 857 1749 Syriacis,
882 1660 1023 1748 Graecis

205 1757 325 1831 [atinis
344 1752 483 1829 breuiter
502 1753 705 1842 enumeratis,
721 1754 762 1828 de
777 1755 940 1830 codicibus
953 1781 1025 1832 vera

204 1855 334 1935 fionum
352 1861 551 1953 Syriacalum
567 1854 663 1929 fusm
679 1864 754 1957 agit,
762 1883 952 1960 erroresque
967 1862 1024 1934 cu-

116 2035 118 2039 t
205 1964 260 2034 ius
276 1986 301 2032 n
312 1984 418 2032 asum
429 1984 509 2031 nur
540 1966 575 2032 in
589 1960 821 2032 concinnando
837 1963 961 2035 horum
974 1988 1025 2036 ca·

156 2107 162 2117 ι
204 2050 318 2161 talogo
334 2086 404 2133 reus
421 2057 489 2148 suit,
504 2059 639 2161 colligat.
689 2060 916 2135 Hallucinatur
931 2088 1024 2154 vero,

109 2225 114 2237 ,
205 2157 284 2236 dum
292 2161 393 2261 putat,
402 2186 526 2235 errores
536 2163 629 2235 lituus
638 2165 1027 2239 virianeminehattenus

204 2259 443 2337 animaduerlos
470 2257 543 2336 elle.
592 2258 753 2335 Codicem
785 2270 874 2336 euim
894 2269 919 2337 1.
949 2290 1024 2340 non

204 2361 389 2437 uerfion'em
407 2364 569 2460 Syriacam
589 2389 628 2436 ex
645 2362 871 2454 Lxxfauam,
898 2385 934 2450 vt
956 2356 1026 2441 vfflt

83 2507 86 2512 ·
207 2466 462 2564 assumant,
488 2462 543 2538 sed
557 2460 748 2564 implicem,
768 2472 948 2557 continere,
965 2466 1026 2543 du·

179 2581 182 2588 “
206 2563 288 2639 dum
301 2573 494 2640 monuimus
507 2566 552 2638 'in
574 2566 690 2640 Annal.
713 2568 830 2639 nollris
852 2562 1026 2668 superioris

206 2666 375 2743 'anuitVol
390 2672 413 2740 1.
431 2693 464 2767 p.
480 2692 539 2756 557.
555 2666 665 2767 ibique
679 2667 760 2741 alios
774 2693 900 2741 errores
917 2670 957 2741 ab
968 2696 1026 2745 eo·

207 2768 288 2844 dem
315 2790 552 2842 nucerinus
571 2763 724 2843 admiffos
741 2765 885 2870 suspicati
905 2768 1027 2866 snmus,

209 2894 296 2970 quos
312 2869 486 2943 luculenter
501 2868 708 2943 confirmauit
732 2896 941 2945 notanus
966 2906 1030 2952 ao-

208 2985 354 3059 ’νοτιτιιςο
403 2969 542 3059 Romae,
561 2996 623 3071 qua
639 2968 771 3069 quidem
787 2974 866 3046 vrbe
886 2969 953 3047 line
975 3000 1028 3048 ar.

205 3071 293 3144 'tibus
308 3069 485 3145 liberalibus
501 3069 568 3145 siue
585 3071 681 3145 bonis
694 3073 792 3147 literis
808 3098 942 3173 operam
953 3081 1029 3176 quis

208 3166 341 3263 aedem,
359 3170 440 3247 nihil
457 3167 556 3247 visere
570 3173 676 3273 potesl
690 3181 791 3249 maius
809 3196 841 3249 et
868 3176 1026 3251 excellen-

209 3275 283 3378 tiuu,
298 3277 361 3384 ¹illl
379 3271 506 3353 meuses
517 3295 743 3403 scommoratus
758 3275 811 3353 eli
820 3276 946 3390 noller,¹
959 3284 1026 3380 pr?-

527 3389 539 3406 ‘
834 3405 838 3414 ·
859 3399 1023 3486 mumque
