2259 3900
141 442 143 447 ,
169 362 310 444 'Meum
324 372 389 468 inst.
404 375 826 473 dgmattonisltomm.
855 405 928 482 top

156 553 211 632 ltu
223 560 269 633 ell.
291 585 322 633 c.
339 587 545 652 erucem,
562 561 663 637 fratris
681 567 777 641 oecifi
801 568 930 669 velligia

152 653 251 749 lecutut,
266 669 399 753 nirniatn
418 662 570 737 concedit
587 669 671 763 plebi
686 669 928 766 potellatem‚et

148 756 214 833 saluti
224 765 364 862 publicae
383 771 482 863 magis
496 765 599 836 obluit
616 767 722 839 lludio
741 769 812 856 luo,
828 797 926 871 quam

144 861 250 960 proluit.
272 871 313 937 Et
327 869 395 938 hoc
407 866 577 939 interlet‘lo
587 864 733 965 opprella
742 871 853 969 paullo
870 898 938 942 an..

141 973 382 1062 tepoteutiorurn
401 969 492 1039 turba
513 969 622 1039 elatius
637 967 760 1042 rursum
776 970 809 1043 se
833 998 925 1070 gere.

141 1091 176 1153 re,
186 1092 217 1138 ee
230 1066 389 1139 crudelior
404 1091 435 1140 et
448 1069 622 1140 violentior
635 1077 743 1160 etiam,
752 1096 850 1171 quarn
869 1099 926 1142 an.

141 1168 272 1254 tet,fieri.
321 1175 369 1241 Ea
394 1195 503 1242 rerum
523 1171 605 1244 facie
627 1174 795 1244 Romanus
816 1173 871 1244 ille
891 1179 927 1245 in

141 1274 253 1365 petriam
270 1296 366 1340 arnor
377 1270 543 1343 exllindlus
560 1271 656 1368 plane
671 1270 843 1360 videbatur,
851 1299 928 1346 cum

141 1377 287 1466 optimates
304 1377 463 1444 maiorem
479 1368 608 1469 semper
617 1370 802 1446 affediarent
811 1397 928 1472 poten.

142 1475 214 1559 dun,
224 1477 377 1544 tenuioris
392 1494 497 1545 autem
512 1473 712 1547 conditionis
735 1482 820 1547 ciues
834 1469 928 1546 mise.

142 1576 214 1645 nau
226 1572 461 1670 egellatenimis
477 1571 746 1672 deprimerentur.
771 1578 927 1648 Nonvir.

143 1677 194 1759 tui,
207 1699 262 1744 nee
282 1680 412 1762 inuritis,
435 1672 491 1746 led
512 1674 628 1747 diuitiis
648 1702 685 1746 ac
707 1676 929 1774 largitionibus

144 1773 223 1845 editus
235 1776 359 1872 patebat
382 1775 421 1845 ad
438 1776 595 1873 rempubl.
610 1802 677 1874 quo
692 1774 814 1850 sudium
830 1774 885 1863 eil,
895 1798 928 1848 vt

144 1872 311 1975 plerumque
327 1873 476 1977 peffimus
499 1881 638 1977 quisque,
656 1897 687 1949 et
711 1875 928 1979 igunuilltmus

145 1973 266 2055 lutnmos
279 1979 423 2050 honores
439 1975 672 2076 adipisceretur.
697 1983 730 2051 Si
746 1979 930 2078 iudicespe·

145 2084 235 2149 unite
250 2074 318 2148 latis
333 2079 479 2166 tulerunt,
489 2079 539 2151 vel
553 2076 729 2178 turpissima
738 2078 855 2181 flagitia
865 2086 929 2153 im.

144 2179 524 2277 punelicebatperpetrare.
549 2184 618 2251 Iam
628 2179 778 2253 consedlo
789 2181 873 2254 bello
881 2186 932 2253 Iu·

147 2286 276 2372 gurthino
285 2303 370 2354 tantu
383 2304 448 2353 erat
456 2287 583 2354 Rornae
593 2289 827 2378 imperatorum
839 2308 931 2380 prae·

146 2375 269 2454 llentiunr
286 2388 408 2479 inopia,
426 2404 457 2453 vt
469 2378 593 2455 senatus
612 2407 823 2469 unurvn,
844 2407 932 2453 acer·

148 2476 283 2555 lilinum
305 2488 528 2581 potentiorum
543 2482 689 2570 bollein,
697 2488 867 2582 quinquies
874 2482 932 2558 de·

146 2579 233 2681 inceps
250 2582 415 2668 consulent
438 2608 545 2655 creare
563 2605 741 2680 cogeretur.
773 2579 945 2657 Exortum·

147 2685 564 2781 eotenuporebelltunciuile,
578 2682 760 2755 incredibile
769 2683 823 2769 ell,
832 2710 936 2782 quan·

148 2797 202 2853 tum
217 2785 253 2856 nd
267 2784 475 2859 euertendam
495 2784 654 2883 rempubl.
670 2782 794 2861 seceritt
847 2783 936 2857 Alter

148 2882 357 2981 imperatorum
378 2884 560 2959 crudelitate
575 2885 709 2956 alterurn
724 2912 761 2957 ac
779 2882 933 2958 facinori-

149 2977 194 3053 ltu
209 2992 339 3076 uincere,
357 2993 501 3061 Romam
522 3008 553 3060 et
566 2984 689 3057 ltaliam
699 2980 878 3057 vniuerfim
893 2990 937 3055 ci·

151 3082 225 3157 nibus
240 3107 268 3160 et
281 3086 365 3162 flore
381 3088 515 3187 prillino
530 3110 655 3159 exuere.
702 3084 943 3183 Flagitiuhaee·

150 3183 301 3261 immodica
317 3189 421 3263 secuta
438 3188 483 3258 est
499 3188 634 3273 lieentia,
645 3211 751 3282 neque
762 3182 940 3284 quidquem

153 3304 224 3381 etet}
239 3289 325 3391 quod
353 3284 502 3366 inausum
536 3289 730 3388 relinqueret
760 3290 945 3363 huminum

832 3384 966 3523 trude2
